timestamp,grid_number,side,price,quantity,clOrdId
2025-05-12 13:25:20.480101,1,SELL,104762.0,0.01,CBROBTCxstrata1x1
2025-05-12 13:25:20.480276,1,BUY,103762.0,0.01,CBROBTCxstrata1x2
2025-05-12 13:25:59.931556,1,SELL,104771.9,0.01,CBROBTCxstrata1x3
2025-05-12 13:25:59.931745,1,BUY,103771.9,0.01,CBROBTCxstrata1x4
2025-05-12 13:26:01.129064,1,SELL,104782.8,0.01,CBROBTCxstrata1x5
2025-05-12 13:26:01.129093,1,BUY,103782.8,0.01,CBROBTCxstrata1x6
2025-05-12 13:26:10.278861,1,SELL,104775.6,0.01,CBROBTCxstrata1x7
2025-05-12 13:26:10.278874,1,BUY,103775.6,0.01,CBROBTCxstrata1x8
2025-05-12 13:26:12.129030,1,SELL,104764.1,0.01,CBROBTCxstrata1x9
2025-05-12 13:26:12.129042,1,BUY,103764.1,0.01,CBROBTCxstrata1x10
2025-05-12 13:26:13.258579,1,SELL,104770.2,0.01,CBROBTCxstrata1x11
2025-05-12 13:26:13.258591,1,BUY,103770.2,0.01,CBROBTCxstrata1x12
2025-05-12 13:26:13.938822,1,SELL,104783.7,0.01,CBROBTCxstrata1x13
2025-05-12 13:26:13.938838,1,BUY,103783.7,0.01,CBROBTCxstrata1x14
2025-05-12 13:26:23.038771,1,SELL,104795.8,0.01,CBROBTCxstrata1x15
2025-05-12 13:26:23.038779,1,BUY,103795.8,0.01,CBROBTCxstrata1x16
2025-05-12 13:26:31.529450,1,SELL,104811.1,0.01,CBROBTCxstrata1x17
2025-05-12 13:26:31.529469,1,BUY,103811.1,0.01,CBROBTCxstrata1x18
2025-05-12 13:26:41.929211,1,SELL,104822.6,0.01,CBROBTCxstrata1x19
2025-05-12 13:26:41.929239,1,BUY,103822.6,0.01,CBROBTCxstrata1x20
2025-05-12 13:26:57.270665,1,SELL,104834.4,0.01,CBROBTCxstrata1x21
2025-05-12 13:26:57.270802,1,BUY,103834.4,0.01,CBROBTCxstrata1x22
2025-05-12 13:27:33.598618,1,SELL,104828.4,0.01,CBROBTCxstrata1x23
2025-05-12 13:27:33.598624,1,BUY,103828.4,0.01,CBROBTCxstrata1x24
2025-05-12 13:27:36.838750,1,SELL,104834.5,0.01,CBROBTCxstrata1x25
2025-05-12 13:27:36.838771,1,BUY,103834.5,0.01,CBROBTCxstrata1x26
2025-05-12 13:27:41.559140,1,SELL,104828.1,0.01,CBROBTCxstrata1x27
2025-05-12 13:27:41.559146,1,BUY,103828.1,0.01,CBROBTCxstrata1x28
2025-05-12 13:27:42.328982,1,SELL,104818.7,0.01,CBROBTCxstrata1x29
2025-05-12 13:27:42.328999,1,BUY,103818.7,0.01,CBROBTCxstrata1x30
2025-05-12 13:27:58.688635,1,SELL,104806.0,0.01,CBROBTCxstrata1x31
2025-05-12 13:27:58.688729,1,BUY,103806.0,0.01,CBROBTCxstrata1x32
2025-05-12 13:28:01.048737,1,SELL,104791.7,0.01,CBROBTCxstrata1x33
2025-05-12 13:28:01.048748,1,BUY,103791.7,0.01,CBROBTCxstrata1x34
2025-05-12 13:28:40.688936,1,SELL,104776.7,0.01,CBROBTCxstrata1x35
2025-05-12 13:28:40.688944,1,BUY,103776.7,0.01,CBROBTCxstrata1x36
2025-05-12 13:28:53.409639,1,SELL,104763.5,0.01,CBROBTCxstrata1x37
2025-05-12 13:28:53.409650,1,BUY,103763.5,0.01,CBROBTCxstrata1x38
2025-05-12 13:28:55.728526,1,SELL,104747.5,0.01,CBROBTCxstrata1x39
2025-05-12 13:28:55.728536,1,BUY,103747.5,0.01,CBROBTCxstrata1x40
2025-05-12 13:29:06.299401,1,SELL,104733.8,0.01,CBROBTCxstrata1x41
2025-05-12 13:29:06.299410,1,BUY,103733.8,0.01,CBROBTCxstrata1x42
2025-05-12 13:29:21.049356,1,SELL,104716.0,0.01,CBROBTCxstrata1x43
2025-05-12 13:29:21.049362,1,BUY,103716.0,0.01,CBROBTCxstrata1x44
2025-05-12 13:29:23.088975,1,SELL,104704.1,0.01,CBROBTCxstrata1x45
2025-05-12 13:29:23.088983,1,BUY,103704.1,0.01,CBROBTCxstrata1x46
2025-05-12 13:29:24.848501,1,SELL,104693.1,0.01,CBROBTCxstrata1x47
2025-05-12 13:29:24.848510,1,BUY,103693.1,0.01,CBROBTCxstrata1x48
2025-05-12 13:29:27.768806,1,SELL,104680.6,0.01,CBROBTCxstrata1x49
2025-05-12 13:29:27.768813,1,BUY,103680.6,0.01,CBROBTCxstrata1x50
2025-05-12 13:29:28.848761,1,SELL,104669.7,0.01,CBROBTCxstrata1x51
2025-05-12 13:29:28.848766,1,BUY,103669.7,0.01,CBROBTCxstrata1x52
2025-05-12 13:29:33.050414,1,SELL,104655.8,0.01,CBROBTCxstrata1x53
2025-05-12 13:29:33.050420,1,BUY,103655.8,0.01,CBROBTCxstrata1x54
2025-05-12 13:29:33.184196,1,SELL,104644.0,0.01,CBROBTCxstrata1x55
2025-05-12 13:29:33.184206,1,BUY,103644.0,0.01,CBROBTCxstrata1x56
2025-05-12 13:29:43.108658,1,SELL,104633.6,0.01,CBROBTCxstrata1x57
2025-05-12 13:29:43.108667,1,BUY,103633.6,0.01,CBROBTCxstrata1x58
2025-05-12 13:29:43.409079,1,SELL,104622.7,0.01,CBROBTCxstrata1x59
2025-05-12 13:29:43.409107,1,BUY,103622.7,0.01,CBROBTCxstrata1x60
2025-05-12 13:29:44.098509,1,SELL,104612.3,0.01,CBROBTCxstrata1x61
2025-05-12 13:29:44.098577,1,BUY,103612.3,0.01,CBROBTCxstrata1x62
2025-05-12 13:29:46.288714,1,SELL,104617.8,0.01,CBROBTCxstrata1x63
2025-05-12 13:29:46.288722,1,BUY,103617.8,0.01,CBROBTCxstrata1x64
2025-05-12 13:30:00.588735,1,SELL,104627.3,0.01,CBROBTCxstrata1x65
2025-05-12 13:30:00.588740,1,BUY,103627.3,0.01,CBROBTCxstrata1x66
2025-05-12 13:30:00.738360,1,SELL,104637.8,0.01,CBROBTCxstrata1x67
2025-05-12 13:30:00.738365,1,BUY,103637.8,0.01,CBROBTCxstrata1x68
2025-05-12 13:30:00.969342,1,SELL,104650.0,0.01,CBROBTCxstrata1x69
2025-05-12 13:30:00.969349,1,BUY,103650.0,0.01,CBROBTCxstrata1x70
2025-05-12 13:30:01.458934,1,SELL,104641.8,0.01,CBROBTCxstrata1x71
2025-05-12 13:30:01.458939,1,BUY,103641.8,0.01,CBROBTCxstrata1x72
2025-05-12 13:30:01.598704,1,SELL,104623.7,0.01,CBROBTCxstrata1x73
2025-05-12 13:30:01.598708,1,BUY,103623.7,0.01,CBROBTCxstrata1x74
2025-05-12 13:30:02.788705,1,SELL,104627.2,0.01,CBROBTCxstrata1x75
2025-05-12 13:30:02.788709,1,BUY,103627.2,0.01,CBROBTCxstrata1x76
2025-05-12 13:30:03.428881,1,SELL,104620.4,0.01,CBROBTCxstrata1x77
2025-05-12 13:30:03.428887,1,BUY,103620.4,0.01,CBROBTCxstrata1x78
2025-05-12 13:30:04.358790,1,SELL,104626.2,0.01,CBROBTCxstrata1x79
2025-05-12 13:30:04.358795,1,BUY,103626.2,0.01,CBROBTCxstrata1x80
2025-05-12 13:30:05.348726,1,SELL,104637.4,0.01,CBROBTCxstrata1x81
2025-05-12 13:30:05.348730,1,BUY,103637.4,0.01,CBROBTCxstrata1x82
2025-05-12 13:30:05.488595,1,SELL,104649.6,0.01,CBROBTCxstrata1x83
2025-05-12 13:30:05.488600,1,BUY,103649.6,0.01,CBROBTCxstrata1x84
2025-05-12 13:30:06.129112,1,SELL,104660.5,0.01,CBROBTCxstrata1x85
2025-05-12 13:30:06.129119,1,BUY,103660.5,0.01,CBROBTCxstrata1x86
2025-05-12 13:30:06.278851,1,SELL,104673.7,0.01,CBROBTCxstrata1x87
2025-05-12 13:30:06.278857,1,BUY,103673.7,0.01,CBROBTCxstrata1x88
2025-05-12 13:30:06.558736,1,SELL,104668.2,0.01,CBROBTCxstrata1x89
2025-05-12 13:30:06.558743,1,BUY,103668.2,0.01,CBROBTCxstrata1x90
2025-05-12 13:30:06.688845,1,SELL,104655.2,0.01,CBROBTCxstrata1x91
2025-05-12 13:30:06.688852,1,BUY,103655.2,0.01,CBROBTCxstrata1x92
2025-05-12 13:30:07.738847,1,SELL,104644.3,0.01,CBROBTCxstrata1x93
2025-05-12 13:30:07.738854,1,BUY,103644.3,0.01,CBROBTCxstrata1x94
2025-05-12 13:30:08.709490,1,SELL,104656.9,0.01,CBROBTCxstrata1x95
2025-05-12 13:30:08.709496,1,BUY,103656.9,0.01,CBROBTCxstrata1x96
2025-05-12 13:30:12.128823,1,SELL,104651.8,0.01,CBROBTCxstrata1x97
2025-05-12 13:30:12.128829,1,BUY,103651.8,0.01,CBROBTCxstrata1x98
2025-05-12 13:30:14.038643,1,SELL,104641.1,0.01,CBROBTCxstrata1x99
2025-05-12 13:30:14.038648,1,BUY,103641.1,0.01,CBROBTCxstrata1x100
2025-05-12 13:30:14.218807,1,SELL,104627.2,0.01,CBROBTCxstrata1x101
2025-05-12 13:30:14.218815,1,BUY,103627.2,0.01,CBROBTCxstrata1x102
2025-05-12 13:30:15.878658,1,SELL,104633.2,0.01,CBROBTCxstrata1x103
2025-05-12 13:30:15.878666,1,BUY,103633.2,0.01,CBROBTCxstrata1x104
2025-05-12 13:30:16.028812,1,SELL,104642.2,0.01,CBROBTCxstrata1x105
2025-05-12 13:30:16.028817,1,BUY,103642.2,0.01,CBROBTCxstrata1x106
2025-05-12 13:30:18.928603,1,SELL,104653.7,0.01,CBROBTCxstrata1x107
2025-05-12 13:30:18.928612,1,BUY,103653.7,0.01,CBROBTCxstrata1x108
2025-05-12 13:30:21.458924,1,SELL,104646.9,0.01,CBROBTCxstrata1x109
2025-05-12 13:30:21.458931,1,BUY,103646.9,0.01,CBROBTCxstrata1x110
2025-05-12 13:30:22.619180,1,SELL,104635.8,0.01,CBROBTCxstrata1x111
2025-05-12 13:30:22.619185,1,BUY,103635.8,0.01,CBROBTCxstrata1x112
2025-05-12 13:30:25.978962,1,SELL,104623.9,0.01,CBROBTCxstrata1x113
2025-05-12 13:30:25.978969,1,BUY,103623.9,0.01,CBROBTCxstrata1x114
2025-05-12 13:30:27.978767,1,SELL,104613.2,0.01,CBROBTCxstrata1x115
2025-05-12 13:30:27.978775,1,BUY,103613.2,0.01,CBROBTCxstrata1x116
2025-05-12 13:30:28.799043,1,SELL,104599.5,0.01,CBROBTCxstrata1x117
2025-05-12 13:30:28.799049,1,BUY,103599.5,0.01,CBROBTCxstrata1x118
2025-05-12 13:30:29.469051,1,SELL,104604.5,0.01,CBROBTCxstrata1x119
2025-05-12 13:30:29.469056,1,BUY,103604.5,0.01,CBROBTCxstrata1x120
2025-05-12 13:30:31.698865,1,SELL,104598.2,0.01,CBROBTCxstrata1x121
2025-05-12 13:30:31.698872,1,BUY,103598.2,0.01,CBROBTCxstrata1x122
2025-05-12 13:30:31.838678,1,SELL,104588.2,0.01,CBROBTCxstrata1x123
2025-05-12 13:30:31.838683,1,BUY,103588.2,0.01,CBROBTCxstrata1x124
2025-05-12 13:30:33.168788,1,SELL,104576.1,0.01,CBROBTCxstrata1x125
2025-05-12 13:30:33.168793,1,BUY,103576.1,0.01,CBROBTCxstrata1x126
2025-05-12 13:30:34.202320,1,SELL,104560.9,0.01,CBROBTCxstrata1x127
2025-05-12 13:30:34.202330,1,BUY,103560.9,0.01,CBROBTCxstrata1x128
2025-05-12 13:30:34.658918,1,SELL,104548.5,0.01,CBROBTCxstrata1x129
2025-05-12 13:30:34.658928,1,BUY,103548.5,0.01,CBROBTCxstrata1x130
2025-05-12 13:30:39.129133,1,SELL,104536.2,0.01,CBROBTCxstrata1x131
2025-05-12 13:30:39.129138,1,BUY,103536.2,0.01,CBROBTCxstrata1x132
2025-05-12 13:30:39.278788,1,SELL,104520.8,0.01,CBROBTCxstrata1x133
2025-05-12 13:30:39.278792,1,BUY,103520.8,0.01,CBROBTCxstrata1x134
2025-05-12 13:30:40.308747,1,SELL,104509.2,0.01,CBROBTCxstrata1x135
2025-05-12 13:30:40.308753,1,BUY,103509.2,0.01,CBROBTCxstrata1x136
2025-05-12 13:30:40.989077,1,SELL,104496.7,0.01,CBROBTCxstrata1x137
2025-05-12 13:30:40.989084,1,BUY,103496.7,0.01,CBROBTCxstrata1x138
2025-05-12 13:30:41.148785,1,SELL,104479.7,0.01,CBROBTCxstrata1x139
2025-05-12 13:30:41.148793,1,BUY,103479.7,0.01,CBROBTCxstrata1x140
2025-05-12 13:30:42.038878,1,SELL,104466.6,0.01,CBROBTCxstrata1x141
2025-05-12 13:30:42.038882,1,BUY,103466.6,0.01,CBROBTCxstrata1x142
2025-05-12 13:30:42.178698,1,SELL,104454.7,0.01,CBROBTCxstrata1x143
2025-05-12 13:30:42.178704,1,BUY,103454.7,0.01,CBROBTCxstrata1x144
2025-05-12 13:30:42.338773,1,SELL,104441.8,0.01,CBROBTCxstrata1x145
2025-05-12 13:30:42.338780,1,BUY,103441.8,0.01,CBROBTCxstrata1x146
2025-05-12 13:30:43.010492,1,SELL,104428.2,0.01,CBROBTCxstrata1x147
2025-05-12 13:30:43.010498,1,BUY,103428.2,0.01,CBROBTCxstrata1x148
2025-05-12 13:30:43.143357,1,SELL,104414.5,0.01,CBROBTCxstrata1x149
2025-05-12 13:30:43.143363,1,BUY,103414.5,0.01,CBROBTCxstrata1x150
2025-05-12 13:30:44.428708,1,SELL,104419.7,0.01,CBROBTCxstrata1x151
2025-05-12 13:30:44.428713,1,BUY,103419.7,0.01,CBROBTCxstrata1x152
2025-05-12 13:30:44.558752,1,SELL,104430.4,0.01,CBROBTCxstrata1x153
2025-05-12 13:30:44.558758,1,BUY,103430.4,0.01,CBROBTCxstrata1x154
2025-05-12 13:30:45.429178,1,SELL,104440.9,0.01,CBROBTCxstrata1x155
2025-05-12 13:30:45.429184,1,BUY,103440.9,0.01,CBROBTCxstrata1x156
2025-05-12 13:30:45.560328,1,SELL,104453.9,0.01,CBROBTCxstrata1x157
2025-05-12 13:30:45.560336,1,BUY,103453.9,0.01,CBROBTCxstrata1x158
2025-05-12 13:30:45.709680,1,SELL,104468.4,0.01,CBROBTCxstrata1x159
2025-05-12 13:30:45.709688,1,BUY,103468.4,0.01,CBROBTCxstrata1x160
2025-05-12 13:30:46.748659,1,SELL,104480.0,0.01,CBROBTCxstrata1x161
2025-05-12 13:30:46.748666,1,BUY,103480.0,0.01,CBROBTCxstrata1x162
2025-05-12 13:30:47.628921,1,SELL,104474.5,0.01,CBROBTCxstrata1x163
2025-05-12 13:30:47.628925,1,BUY,103474.5,0.01,CBROBTCxstrata1x164
2025-05-12 13:30:47.878663,1,SELL,104463.7,0.01,CBROBTCxstrata1x165
2025-05-12 13:30:47.878667,1,BUY,103463.7,0.01,CBROBTCxstrata1x166
2025-05-12 13:30:50.368853,1,SELL,104452.0,0.01,CBROBTCxstrata1x167
2025-05-12 13:30:50.368859,1,BUY,103452.0,0.01,CBROBTCxstrata1x168
2025-05-12 13:30:50.988351,1,SELL,104457.9,0.01,CBROBTCxstrata1x169
2025-05-12 13:30:50.988359,1,BUY,103457.9,0.01,CBROBTCxstrata1x170
2025-05-12 13:30:51.309045,1,SELL,104467.8,0.01,CBROBTCxstrata1x171
2025-05-12 13:30:51.309050,1,BUY,103467.8,0.01,CBROBTCxstrata1x172
2025-05-12 13:30:51.659005,1,SELL,104478.4,0.01,CBROBTCxstrata1x173
2025-05-12 13:30:51.659009,1,BUY,103478.4,0.01,CBROBTCxstrata1x174
2025-05-12 13:30:51.798824,1,SELL,104488.5,0.01,CBROBTCxstrata1x175
2025-05-12 13:30:51.798828,1,BUY,103488.5,0.01,CBROBTCxstrata1x176
2025-05-12 13:30:52.210806,1,SELL,104482.2,0.01,CBROBTCxstrata1x177
2025-05-12 13:30:52.210811,1,BUY,103482.2,0.01,CBROBTCxstrata1x178
2025-05-12 13:30:53.138636,1,SELL,104489.5,0.01,CBROBTCxstrata1x179
2025-05-12 13:30:53.138649,1,BUY,103489.5,0.01,CBROBTCxstrata1x180
2025-05-12 13:30:54.928671,1,SELL,104481.1,0.01,CBROBTCxstrata1x181
2025-05-12 13:30:54.928675,1,BUY,103481.1,0.01,CBROBTCxstrata1x182
2025-05-12 13:30:55.878784,1,SELL,104487.2,0.01,CBROBTCxstrata1x183
2025-05-12 13:30:55.878790,1,BUY,103487.2,0.01,CBROBTCxstrata1x184
2025-05-12 13:30:56.317277,1,SELL,104474.5,0.01,CBROBTCxstrata1x185
2025-05-12 13:30:56.317284,1,BUY,103474.5,0.01,CBROBTCxstrata1x186
2025-05-12 13:30:58.818772,1,SELL,104480.8,0.01,CBROBTCxstrata1x187
2025-05-12 13:30:58.818777,1,BUY,103480.8,0.01,CBROBTCxstrata1x188
2025-05-12 13:31:02.699021,1,SELL,104495.0,0.01,CBROBTCxstrata1x189
2025-05-12 13:31:02.699052,1,BUY,103495.0,0.01,CBROBTCxstrata1x190
2025-05-12 13:31:03.598778,1,SELL,104506.3,0.01,CBROBTCxstrata1x191
2025-05-12 13:31:03.598794,1,BUY,103506.3,0.01,CBROBTCxstrata1x192
2025-05-12 13:31:03.728895,1,SELL,104525.7,0.01,CBROBTCxstrata1x193
2025-05-12 13:31:03.728902,1,BUY,103525.7,0.01,CBROBTCxstrata1x194
2025-05-12 13:31:05.689755,1,SELL,104521.6,0.01,CBROBTCxstrata1x195
2025-05-12 13:31:05.689761,1,BUY,103521.6,0.01,CBROBTCxstrata1x196
2025-05-12 13:31:05.828708,1,SELL,104512.3,0.01,CBROBTCxstrata1x197
2025-05-12 13:31:05.828713,1,BUY,103512.3,0.01,CBROBTCxstrata1x198
2025-05-12 13:31:06.438966,1,SELL,104517.7,0.01,CBROBTCxstrata1x199
2025-05-12 13:31:06.438972,1,BUY,103517.7,0.01,CBROBTCxstrata1x200
2025-05-12 13:31:07.128525,1,SELL,104506.1,0.01,CBROBTCxstrata1x201
2025-05-12 13:31:07.128531,1,BUY,103506.1,0.01,CBROBTCxstrata1x202
2025-05-12 13:31:09.248865,1,SELL,104510.7,0.01,CBROBTCxstrata1x203
2025-05-12 13:31:09.248872,1,BUY,103510.7,0.01,CBROBTCxstrata1x204
2025-05-12 13:31:09.378918,1,SELL,104524.9,0.01,CBROBTCxstrata1x205
2025-05-12 13:31:09.378925,1,BUY,103524.9,0.01,CBROBTCxstrata1x206
2025-05-12 13:31:09.509673,1,SELL,104539.2,0.01,CBROBTCxstrata1x207
2025-05-12 13:31:09.509679,1,BUY,103539.2,0.01,CBROBTCxstrata1x208
2025-05-12 13:31:11.178781,1,SELL,104535.3,0.01,CBROBTCxstrata1x209
2025-05-12 13:31:11.178788,1,BUY,103535.3,0.01,CBROBTCxstrata1x210
2025-05-12 13:31:13.188920,1,SELL,104542.4,0.01,CBROBTCxstrata1x211
2025-05-12 13:31:13.188927,1,BUY,103542.4,0.01,CBROBTCxstrata1x212
2025-05-12 13:31:14.478805,1,SELL,104536.3,0.01,CBROBTCxstrata1x213
2025-05-12 13:31:14.478810,1,BUY,103536.3,0.01,CBROBTCxstrata1x214
2025-05-12 13:31:14.719120,1,SELL,104526.7,0.01,CBROBTCxstrata1x215
2025-05-12 13:31:14.719129,1,BUY,103526.7,0.01,CBROBTCxstrata1x216
2025-05-12 13:31:14.908967,1,SELL,104510.0,0.01,CBROBTCxstrata1x217
2025-05-12 13:31:14.908973,1,BUY,103510.0,0.01,CBROBTCxstrata1x218
2025-05-12 13:31:17.798756,1,SELL,104515.9,0.01,CBROBTCxstrata1x219
2025-05-12 13:31:17.798763,1,BUY,103515.9,0.01,CBROBTCxstrata1x220
2025-05-12 13:31:17.929025,1,SELL,104527.6,0.01,CBROBTCxstrata1x221
2025-05-12 13:31:17.929032,1,BUY,103527.6,0.01,CBROBTCxstrata1x222
2025-05-12 13:31:18.368571,1,SELL,104539.6,0.01,CBROBTCxstrata1x223
2025-05-12 13:31:18.368577,1,BUY,103539.6,0.01,CBROBTCxstrata1x224
2025-05-12 13:31:18.988662,1,SELL,104530.6,0.01,CBROBTCxstrata1x225
2025-05-12 13:31:18.988666,1,BUY,103530.6,0.01,CBROBTCxstrata1x226
2025-05-12 13:31:21.468908,1,SELL,104520.4,0.01,CBROBTCxstrata1x227
2025-05-12 13:31:21.468915,1,BUY,103520.4,0.01,CBROBTCxstrata1x228
2025-05-12 13:31:22.310819,1,SELL,104506.7,0.01,CBROBTCxstrata1x229
2025-05-12 13:31:22.310824,1,BUY,103506.7,0.01,CBROBTCxstrata1x230
2025-05-12 13:31:25.928961,1,SELL,104511.0,0.01,CBROBTCxstrata1x231
2025-05-12 13:31:25.928968,1,BUY,103511.0,0.01,CBROBTCxstrata1x232
2025-05-12 13:31:26.168893,1,SELL,104520.5,0.01,CBROBTCxstrata1x233
2025-05-12 13:31:26.168906,1,BUY,103520.5,0.01,CBROBTCxstrata1x234
2025-05-12 13:31:26.438975,1,SELL,104531.5,0.01,CBROBTCxstrata1x235
2025-05-12 13:31:26.438981,1,BUY,103531.5,0.01,CBROBTCxstrata1x236
2025-05-12 13:31:26.578815,1,SELL,104544.0,0.01,CBROBTCxstrata1x237
2025-05-12 13:31:26.578820,1,BUY,103544.0,0.01,CBROBTCxstrata1x238
2025-05-12 13:31:29.578889,1,SELL,104538.1,0.01,CBROBTCxstrata1x239
2025-05-12 13:31:29.578894,1,BUY,103538.1,0.01,CBROBTCxstrata1x240
2025-05-12 13:31:30.628847,1,SELL,104544.4,0.01,CBROBTCxstrata1x241
2025-05-12 13:31:30.628851,1,BUY,103544.4,0.01,CBROBTCxstrata1x242
2025-05-12 13:31:30.768932,1,SELL,104559.8,0.01,CBROBTCxstrata1x243
2025-05-12 13:31:30.768940,1,BUY,103559.8,0.01,CBROBTCxstrata1x244
2025-05-12 13:31:31.049177,1,SELL,104571.6,0.01,CBROBTCxstrata1x245
2025-05-12 13:31:31.049182,1,BUY,103571.6,0.01,CBROBTCxstrata1x246
2025-05-12 13:31:32.368743,1,SELL,104566.6,0.01,CBROBTCxstrata1x247
2025-05-12 13:31:32.368747,1,BUY,103566.6,0.01,CBROBTCxstrata1x248
2025-05-12 13:31:35.058797,1,SELL,104576.6,0.01,CBROBTCxstrata1x249
2025-05-12 13:31:35.058801,1,BUY,103576.6,0.01,CBROBTCxstrata1x250
2025-05-12 13:31:35.299087,1,SELL,104589.6,0.01,CBROBTCxstrata1x251
2025-05-12 13:31:35.299092,1,BUY,103589.6,0.01,CBROBTCxstrata1x252
2025-05-12 13:31:36.948789,1,SELL,104583.2,0.01,CBROBTCxstrata1x253
2025-05-12 13:31:36.948796,1,BUY,103583.2,0.01,CBROBTCxstrata1x254
2025-05-12 13:31:37.358899,1,SELL,104573.4,0.01,CBROBTCxstrata1x255
2025-05-12 13:31:37.358906,1,BUY,103573.4,0.01,CBROBTCxstrata1x256
2025-05-12 13:31:39.428680,1,SELL,104578.6,0.01,CBROBTCxstrata1x257
2025-05-12 13:31:39.428684,1,BUY,103578.6,0.01,CBROBTCxstrata1x258
2025-05-12 13:31:42.068598,1,SELL,104572.2,0.01,CBROBTCxstrata1x259
2025-05-12 13:31:42.068605,1,BUY,103572.2,0.01,CBROBTCxstrata1x260
2025-05-12 13:31:43.288643,1,SELL,104559.8,0.01,CBROBTCxstrata1x261
2025-05-12 13:31:43.288649,1,BUY,103559.8,0.01,CBROBTCxstrata1x262
2025-05-12 13:31:43.808762,1,SELL,104564.4,0.01,CBROBTCxstrata1x263
2025-05-12 13:31:43.808766,1,BUY,103564.4,0.01,CBROBTCxstrata1x264
2025-05-12 13:31:43.946376,1,SELL,104575.8,0.01,CBROBTCxstrata1x265
2025-05-12 13:31:43.946384,1,BUY,103575.8,0.01,CBROBTCxstrata1x266
2025-05-12 13:31:44.078866,1,SELL,104589.9,0.01,CBROBTCxstrata1x267
2025-05-12 13:31:44.078871,1,BUY,103589.9,0.01,CBROBTCxstrata1x268
2025-05-12 13:31:46.358589,1,SELL,104584.0,0.01,CBROBTCxstrata1x269
2025-05-12 13:31:46.358594,1,BUY,103584.0,0.01,CBROBTCxstrata1x270
2025-05-12 13:31:54.118953,1,SELL,104592.3,0.01,CBROBTCxstrata1x271
2025-05-12 13:31:54.118961,1,BUY,103592.3,0.01,CBROBTCxstrata1x272
2025-05-12 13:31:55.198750,1,SELL,104602.3,0.01,CBROBTCxstrata1x273
2025-05-12 13:31:55.198758,1,BUY,103602.3,0.01,CBROBTCxstrata1x274
2025-05-12 13:32:00.529181,1,SELL,104588.9,0.01,CBROBTCxstrata1x275
2025-05-12 13:32:00.529186,1,BUY,103588.9,0.01,CBROBTCxstrata1x276
2025-05-12 13:32:01.348740,1,SELL,104594.5,0.01,CBROBTCxstrata1x277
2025-05-12 13:32:01.348745,1,BUY,103594.5,0.01,CBROBTCxstrata1x278
2025-05-12 13:32:01.483535,1,SELL,104604.2,0.01,CBROBTCxstrata1x279
2025-05-12 13:32:01.483541,1,BUY,103604.2,0.01,CBROBTCxstrata1x280
2025-05-12 13:32:01.678729,1,SELL,104616.0,0.01,CBROBTCxstrata1x281
2025-05-12 13:32:01.678735,1,BUY,103616.0,0.01,CBROBTCxstrata1x282
2025-05-12 13:32:01.828888,1,SELL,104626.9,0.01,CBROBTCxstrata1x283
2025-05-12 13:32:01.828910,1,BUY,103626.9,0.01,CBROBTCxstrata1x284
2025-05-12 13:32:03.078908,1,SELL,104639.3,0.01,CBROBTCxstrata1x285
2025-05-12 13:32:03.078912,1,BUY,103639.3,0.01,CBROBTCxstrata1x286
2025-05-12 13:32:04.069224,1,SELL,104634.6,0.01,CBROBTCxstrata1x287
2025-05-12 13:32:04.069229,1,BUY,103634.6,0.01,CBROBTCxstrata1x288
2025-05-12 13:32:04.978771,1,SELL,104644.2,0.01,CBROBTCxstrata1x289
2025-05-12 13:32:04.978776,1,BUY,103644.2,0.01,CBROBTCxstrata1x290
2025-05-12 13:32:05.238968,1,SELL,104638.2,0.01,CBROBTCxstrata1x291
2025-05-12 13:32:05.238972,1,BUY,103638.2,0.01,CBROBTCxstrata1x292
2025-05-12 13:32:05.878839,1,SELL,104627.1,0.01,CBROBTCxstrata1x293
2025-05-12 13:32:05.878843,1,BUY,103627.1,0.01,CBROBTCxstrata1x294
2025-05-12 13:32:06.438776,1,SELL,104612.9,0.01,CBROBTCxstrata1x295
2025-05-12 13:32:06.438781,1,BUY,103612.9,0.01,CBROBTCxstrata1x296
2025-05-12 13:32:10.529052,1,SELL,104593.5,0.01,CBROBTCxstrata1x297
2025-05-12 13:32:10.529059,1,BUY,103593.5,0.01,CBROBTCxstrata1x298
2025-05-12 13:32:10.679080,1,SELL,104579.5,0.01,CBROBTCxstrata1x299
2025-05-12 13:32:10.679089,1,BUY,103579.5,0.01,CBROBTCxstrata1x300
2025-05-12 13:32:11.948862,1,SELL,104586.2,0.01,CBROBTCxstrata1x301
2025-05-12 13:32:11.948871,1,BUY,103586.2,0.01,CBROBTCxstrata1x302
2025-05-12 13:32:12.138862,1,SELL,104596.2,0.01,CBROBTCxstrata1x303
2025-05-12 13:32:12.138868,1,BUY,103596.2,0.01,CBROBTCxstrata1x304
2025-05-12 13:32:13.011573,1,SELL,104587.3,0.01,CBROBTCxstrata1x305
2025-05-12 13:32:13.011577,1,BUY,103587.3,0.01,CBROBTCxstrata1x306
2025-05-12 13:32:13.489055,1,SELL,104575.0,0.01,CBROBTCxstrata1x307
2025-05-12 13:32:13.489060,1,BUY,103575.0,0.01,CBROBTCxstrata1x308
2025-05-12 13:32:14.099575,1,SELL,104560.1,0.01,CBROBTCxstrata1x309
2025-05-12 13:32:14.099579,1,BUY,103560.1,0.01,CBROBTCxstrata1x310
2025-05-12 13:32:14.358820,1,SELL,104548.8,0.01,CBROBTCxstrata1x311
2025-05-12 13:32:14.358825,1,BUY,103548.8,0.01,CBROBTCxstrata1x312
2025-05-12 13:32:15.529068,1,SELL,104559.4,0.01,CBROBTCxstrata1x313
2025-05-12 13:32:15.529076,1,BUY,103559.4,0.01,CBROBTCxstrata1x314
2025-05-12 13:32:15.728875,1,SELL,104569.5,0.01,CBROBTCxstrata1x315
2025-05-12 13:32:15.728883,1,BUY,103569.5,0.01,CBROBTCxstrata1x316
2025-05-12 13:32:16.208606,1,SELL,104564.3,0.01,CBROBTCxstrata1x317
2025-05-12 13:32:16.208610,1,BUY,103564.3,0.01,CBROBTCxstrata1x318
2025-05-12 13:32:16.818861,1,SELL,104570.8,0.01,CBROBTCxstrata1x319
2025-05-12 13:32:16.818865,1,BUY,103570.8,0.01,CBROBTCxstrata1x320
2025-05-12 13:32:17.188846,1,SELL,104581.1,0.01,CBROBTCxstrata1x321
2025-05-12 13:32:17.188854,1,BUY,103581.1,0.01,CBROBTCxstrata1x322
2025-05-12 13:32:17.318895,1,SELL,104592.6,0.01,CBROBTCxstrata1x323
2025-05-12 13:32:17.318901,1,BUY,103592.6,0.01,CBROBTCxstrata1x324
2025-05-12 13:32:17.878806,1,SELL,104584.7,0.01,CBROBTCxstrata1x325
2025-05-12 13:32:17.878812,1,BUY,103584.7,0.01,CBROBTCxstrata1x326
2025-05-12 13:32:19.299116,1,SELL,104595.7,0.01,CBROBTCxstrata1x327
2025-05-12 13:32:19.299121,1,BUY,103595.7,0.01,CBROBTCxstrata1x328
2025-05-12 13:32:19.438820,1,SELL,104608.4,0.01,CBROBTCxstrata1x329
2025-05-12 13:32:19.438826,1,BUY,103608.4,0.01,CBROBTCxstrata1x330
2025-05-12 13:32:20.568889,1,SELL,104620.5,0.01,CBROBTCxstrata1x331
2025-05-12 13:32:20.568904,1,BUY,103620.5,0.01,CBROBTCxstrata1x332
2025-05-12 13:32:20.898839,1,SELL,104633.2,0.01,CBROBTCxstrata1x333
2025-05-12 13:32:20.898843,1,BUY,103633.2,0.01,CBROBTCxstrata1x334
2025-05-12 13:32:21.249132,1,SELL,104650.1,0.01,CBROBTCxstrata1x335
2025-05-12 13:32:21.249139,1,BUY,103650.1,0.01,CBROBTCxstrata1x336
2025-05-12 13:32:24.819447,1,SELL,104645.2,0.01,CBROBTCxstrata1x337
2025-05-12 13:32:24.819452,1,BUY,103645.2,0.01,CBROBTCxstrata1x338
2025-05-12 13:32:28.029303,1,SELL,104633.9,0.01,CBROBTCxstrata1x339
2025-05-12 13:32:28.029309,1,BUY,103633.9,0.01,CBROBTCxstrata1x340
2025-05-12 13:32:29.438640,1,SELL,104621.2,0.01,CBROBTCxstrata1x341
2025-05-12 13:32:29.438646,1,BUY,103621.2,0.01,CBROBTCxstrata1x342
2025-05-12 13:32:30.025485,1,SELL,104629.2,0.01,CBROBTCxstrata1x343
2025-05-12 13:32:30.025490,1,BUY,103629.2,0.01,CBROBTCxstrata1x344
2025-05-12 13:32:30.198526,1,SELL,104640.8,0.01,CBROBTCxstrata1x345
2025-05-12 13:32:30.198533,1,BUY,103640.8,0.01,CBROBTCxstrata1x346
2025-05-12 13:32:30.858646,1,SELL,104634.2,0.01,CBROBTCxstrata1x347
2025-05-12 13:32:30.858652,1,BUY,103634.2,0.01,CBROBTCxstrata1x348
2025-05-12 13:32:31.482175,1,SELL,104653.3,0.01,CBROBTCxstrata1x349
2025-05-12 13:32:31.482180,1,BUY,103653.3,0.01,CBROBTCxstrata1x350
2025-05-12 13:32:33.579403,1,SELL,104667.3,0.01,CBROBTCxstrata1x351
2025-05-12 13:32:33.579410,1,BUY,103667.3,0.01,CBROBTCxstrata1x352
2025-05-12 13:32:34.063229,1,SELL,104657.8,0.01,CBROBTCxstrata1x353
2025-05-12 13:32:34.063235,1,BUY,103657.8,0.01,CBROBTCxstrata1x354
2025-05-12 13:32:34.193662,1,SELL,104637.8,0.01,CBROBTCxstrata1x355
2025-05-12 13:32:34.193668,1,BUY,103637.8,0.01,CBROBTCxstrata1x356
2025-05-12 13:32:34.478916,1,SELL,104623.4,0.01,CBROBTCxstrata1x357
2025-05-12 13:32:34.478923,1,BUY,103623.4,0.01,CBROBTCxstrata1x358
2025-05-12 13:32:34.798401,1,SELL,104611.9,0.01,CBROBTCxstrata1x359
2025-05-12 13:32:34.798406,1,BUY,103611.9,0.01,CBROBTCxstrata1x360
2025-05-12 13:32:35.278985,1,SELL,104600.1,0.01,CBROBTCxstrata1x361
2025-05-12 13:32:35.278990,1,BUY,103600.1,0.01,CBROBTCxstrata1x362
2025-05-12 13:32:35.411962,1,SELL,104587.9,0.01,CBROBTCxstrata1x363
2025-05-12 13:32:35.411968,1,BUY,103587.9,0.01,CBROBTCxstrata1x364
2025-05-12 13:32:36.438681,1,SELL,104574.2,0.01,CBROBTCxstrata1x365
2025-05-12 13:32:36.438686,1,BUY,103574.2,0.01,CBROBTCxstrata1x366
2025-05-12 13:32:36.839501,1,SELL,104584.4,0.01,CBROBTCxstrata1x367
2025-05-12 13:32:36.839507,1,BUY,103584.4,0.01,CBROBTCxstrata1x368
2025-05-12 13:32:36.978833,1,SELL,104603.3,0.01,CBROBTCxstrata1x369
2025-05-12 13:32:36.978839,1,BUY,103603.3,0.01,CBROBTCxstrata1x370
2025-05-12 13:32:37.888708,1,SELL,104599.1,0.01,CBROBTCxstrata1x371
2025-05-12 13:32:37.888712,1,BUY,103599.1,0.01,CBROBTCxstrata1x372
2025-05-12 13:32:38.648739,1,SELL,104590.2,0.01,CBROBTCxstrata1x373
2025-05-12 13:32:38.648748,1,BUY,103590.2,0.01,CBROBTCxstrata1x374
2025-05-12 13:32:39.278537,1,SELL,104599.0,0.01,CBROBTCxstrata1x375
2025-05-12 13:32:39.278542,1,BUY,103599.0,0.01,CBROBTCxstrata1x376
2025-05-12 13:32:39.488761,1,SELL,104609.6,0.01,CBROBTCxstrata1x377
2025-05-12 13:32:39.488766,1,BUY,103609.6,0.01,CBROBTCxstrata1x378
2025-05-12 13:32:39.628656,1,SELL,104620.4,0.01,CBROBTCxstrata1x379
2025-05-12 13:32:39.628663,1,BUY,103620.4,0.01,CBROBTCxstrata1x380
2025-05-12 13:32:39.948758,1,SELL,104633.6,0.01,CBROBTCxstrata1x381
2025-05-12 13:32:39.948765,1,BUY,103633.6,0.01,CBROBTCxstrata1x382
2025-05-12 13:32:41.068844,1,SELL,104627.6,0.01,CBROBTCxstrata1x383
2025-05-12 13:32:41.068849,1,BUY,103627.6,0.01,CBROBTCxstrata1x384
2025-05-12 13:32:41.549118,1,SELL,104617.3,0.01,CBROBTCxstrata1x385
2025-05-12 13:32:41.549123,1,BUY,103617.3,0.01,CBROBTCxstrata1x386
2025-05-12 13:32:42.178507,1,SELL,104622.8,0.01,CBROBTCxstrata1x387
2025-05-12 13:32:42.178511,1,BUY,103622.8,0.01,CBROBTCxstrata1x388
2025-05-12 13:32:42.658660,1,SELL,104614.1,0.01,CBROBTCxstrata1x389
2025-05-12 13:32:42.658665,1,BUY,103614.1,0.01,CBROBTCxstrata1x390
2025-05-12 13:32:45.419058,1,SELL,104603.9,0.01,CBROBTCxstrata1x391
2025-05-12 13:32:45.419066,1,BUY,103603.9,0.01,CBROBTCxstrata1x392
2025-05-12 13:32:47.829596,1,SELL,104611.0,0.01,CBROBTCxstrata1x393
2025-05-12 13:32:47.829600,1,BUY,103611.0,0.01,CBROBTCxstrata1x394
2025-05-12 13:32:52.178700,1,SELL,104621.4,0.01,CBROBTCxstrata1x395
2025-05-12 13:32:52.178706,1,BUY,103621.4,0.01,CBROBTCxstrata1x396
2025-05-12 13:32:52.309945,1,SELL,104634.1,0.01,CBROBTCxstrata1x397
2025-05-12 13:32:52.309949,1,BUY,103634.1,0.01,CBROBTCxstrata1x398
2025-05-12 13:32:52.440094,1,SELL,104646.9,0.01,CBROBTCxstrata1x399
2025-05-12 13:32:52.440098,1,BUY,103646.9,0.01,CBROBTCxstrata1x400
2025-05-12 13:32:53.478880,1,SELL,104659.8,0.01,CBROBTCxstrata1x401
2025-05-12 13:32:53.478884,1,BUY,103659.8,0.01,CBROBTCxstrata1x402
2025-05-12 13:32:53.610539,1,SELL,104675.9,0.01,CBROBTCxstrata1x403
2025-05-12 13:32:53.610547,1,BUY,103675.9,0.01,CBROBTCxstrata1x404
2025-05-12 13:32:56.398994,1,SELL,104668.5,0.01,CBROBTCxstrata1x405
2025-05-12 13:32:56.399001,1,BUY,103668.5,0.01,CBROBTCxstrata1x406
2025-05-12 13:32:56.848495,1,SELL,104676.9,0.01,CBROBTCxstrata1x407
2025-05-12 13:32:56.848501,1,BUY,103676.9,0.01,CBROBTCxstrata1x408
2025-05-12 13:32:59.199008,1,SELL,104687.9,0.01,CBROBTCxstrata1x409
2025-05-12 13:32:59.199013,1,BUY,103687.9,0.01,CBROBTCxstrata1x410
2025-05-12 13:32:59.333756,1,SELL,104701.0,0.01,CBROBTCxstrata1x411
2025-05-12 13:32:59.333768,1,BUY,103701.0,0.01,CBROBTCxstrata1x412
2025-05-12 13:33:00.119180,1,SELL,104714.7,0.01,CBROBTCxstrata1x413
2025-05-12 13:33:00.119189,1,BUY,103714.7,0.01,CBROBTCxstrata1x414
2025-05-12 13:33:01.321889,1,SELL,104725.7,0.01,CBROBTCxstrata1x415
2025-05-12 13:33:01.321903,1,BUY,103725.7,0.01,CBROBTCxstrata1x416
2025-05-12 13:33:01.458604,1,SELL,104738.8,0.01,CBROBTCxstrata1x417
2025-05-12 13:33:01.458610,1,BUY,103738.8,0.01,CBROBTCxstrata1x418
2025-05-12 13:33:01.718830,1,SELL,104732.3,0.01,CBROBTCxstrata1x419
2025-05-12 13:33:01.718835,1,BUY,103732.3,0.01,CBROBTCxstrata1x420
2025-05-12 13:33:02.278703,1,SELL,104738.7,0.01,CBROBTCxstrata1x421
2025-05-12 13:33:02.278709,1,BUY,103738.7,0.01,CBROBTCxstrata1x422
2025-05-12 13:33:02.768830,1,SELL,104732.3,0.01,CBROBTCxstrata1x423
2025-05-12 13:33:02.768835,1,BUY,103732.3,0.01,CBROBTCxstrata1x424
2025-05-12 13:33:03.619171,1,SELL,104740.9,0.01,CBROBTCxstrata1x425
2025-05-12 13:33:03.619175,1,BUY,103740.9,0.01,CBROBTCxstrata1x426
2025-05-12 13:33:03.768678,1,SELL,104751.0,0.01,CBROBTCxstrata1x427
2025-05-12 13:33:03.768685,1,BUY,103751.0,0.01,CBROBTCxstrata1x428
2025-05-12 13:33:04.608948,1,SELL,104761.1,0.01,CBROBTCxstrata1x429
2025-05-12 13:33:04.608955,1,BUY,103761.1,0.01,CBROBTCxstrata1x430
2025-05-12 13:33:04.748623,1,SELL,104771.4,0.01,CBROBTCxstrata1x431
2025-05-12 13:33:04.748627,1,BUY,103771.4,0.01,CBROBTCxstrata1x432
2025-05-12 13:33:05.668830,1,SELL,104783.3,0.01,CBROBTCxstrata1x433
2025-05-12 13:33:05.668837,1,BUY,103783.3,0.01,CBROBTCxstrata1x434
2025-05-12 13:33:05.808971,1,SELL,104795.2,0.01,CBROBTCxstrata1x435
2025-05-12 13:33:05.808976,1,BUY,103795.2,0.01,CBROBTCxstrata1x436
2025-05-12 13:33:06.148642,1,SELL,104807.1,0.01,CBROBTCxstrata1x437
2025-05-12 13:33:06.148647,1,BUY,103807.1,0.01,CBROBTCxstrata1x438
2025-05-12 13:33:07.151755,1,SELL,104817.9,0.01,CBROBTCxstrata1x439
2025-05-12 13:33:07.151764,1,BUY,103817.9,0.01,CBROBTCxstrata1x440
2025-05-12 13:33:07.288507,1,SELL,104833.9,0.01,CBROBTCxstrata1x441
2025-05-12 13:33:07.288515,1,BUY,103833.9,0.01,CBROBTCxstrata1x442
2025-05-12 13:33:07.568647,1,SELL,104845.9,0.01,CBROBTCxstrata1x443
2025-05-12 13:33:07.568654,1,BUY,103845.9,0.01,CBROBTCxstrata1x444
2025-05-12 13:33:07.698935,1,SELL,104886.9,0.01,CBROBTCxstrata1x445
2025-05-12 13:33:07.698941,1,BUY,103886.9,0.01,CBROBTCxstrata1x446
2025-05-12 13:33:07.830891,1,SELL,104916.7,0.01,CBROBTCxstrata1x447
2025-05-12 13:33:07.830905,1,BUY,103916.7,0.01,CBROBTCxstrata1x448
2025-05-12 13:33:08.022773,1,SELL,104912.8,0.01,CBROBTCxstrata1x449
2025-05-12 13:33:08.022777,1,BUY,103912.8,0.01,CBROBTCxstrata1x450
2025-05-12 13:33:08.156173,1,SELL,104896.7,0.01,CBROBTCxstrata1x451
2025-05-12 13:33:08.156182,1,BUY,103896.7,0.01,CBROBTCxstrata1x452
2025-05-12 13:33:08.292675,1,SELL,104906.0,0.01,CBROBTCxstrata1x453
2025-05-12 13:33:08.292682,1,BUY,103906.0,0.01,CBROBTCxstrata1x454
2025-05-12 13:33:09.202868,1,SELL,104916.4,0.01,CBROBTCxstrata1x455
2025-05-12 13:33:09.202874,1,BUY,103916.4,0.01,CBROBTCxstrata1x456
2025-05-12 13:33:09.452902,1,SELL,104911.2,0.01,CBROBTCxstrata1x457
2025-05-12 13:33:09.452907,1,BUY,103911.2,0.01,CBROBTCxstrata1x458
2025-05-12 13:33:09.582937,1,SELL,104888.7,0.01,CBROBTCxstrata1x459
2025-05-12 13:33:09.582942,1,BUY,103888.7,0.01,CBROBTCxstrata1x460
2025-05-12 13:33:09.714610,1,SELL,104872.0,0.01,CBROBTCxstrata1x461
2025-05-12 13:33:09.714617,1,BUY,103872.0,0.01,CBROBTCxstrata1x462
2025-05-12 13:33:10.022841,1,SELL,104875.3,0.01,CBROBTCxstrata1x463
2025-05-12 13:33:10.022845,1,BUY,103875.3,0.01,CBROBTCxstrata1x464
2025-05-12 13:33:10.303317,1,SELL,104884.2,0.01,CBROBTCxstrata1x465
2025-05-12 13:33:10.303323,1,BUY,103884.2,0.01,CBROBTCxstrata1x466
2025-05-12 13:33:10.463176,1,SELL,104876.8,0.01,CBROBTCxstrata1x467
2025-05-12 13:33:10.463184,1,BUY,103876.8,0.01,CBROBTCxstrata1x468
2025-05-12 13:33:11.332865,1,SELL,104865.3,0.01,CBROBTCxstrata1x469
2025-05-12 13:33:11.332872,1,BUY,103865.3,0.01,CBROBTCxstrata1x470
2025-05-12 13:33:11.472652,1,SELL,104854.1,0.01,CBROBTCxstrata1x471
2025-05-12 13:33:11.472656,1,BUY,103854.1,0.01,CBROBTCxstrata1x472
2025-05-12 13:33:13.582597,1,SELL,104843.6,0.01,CBROBTCxstrata1x473
2025-05-12 13:33:13.582613,1,BUY,103843.6,0.01,CBROBTCxstrata1x474
2025-05-12 13:33:13.912998,1,SELL,104833.0,0.01,CBROBTCxstrata1x475
2025-05-12 13:33:13.913004,1,BUY,103833.0,0.01,CBROBTCxstrata1x476
2025-05-12 13:33:14.092811,1,SELL,104822.2,0.01,CBROBTCxstrata1x477
2025-05-12 13:33:14.092817,1,BUY,103822.2,0.01,CBROBTCxstrata1x478
2025-05-12 13:33:14.542804,1,SELL,104809.6,0.01,CBROBTCxstrata1x479
2025-05-12 13:33:14.542809,1,BUY,103809.6,0.01,CBROBTCxstrata1x480
2025-05-12 13:33:14.681053,1,SELL,104798.1,0.01,CBROBTCxstrata1x481
2025-05-12 13:33:14.681060,1,BUY,103798.1,0.01,CBROBTCxstrata1x482
2025-05-12 13:33:14.811268,1,SELL,104785.6,0.01,CBROBTCxstrata1x483
2025-05-12 13:33:14.811275,1,BUY,103785.6,0.01,CBROBTCxstrata1x484
2025-05-12 13:33:16.223138,1,SELL,104770.0,0.01,CBROBTCxstrata1x485
2025-05-12 13:33:16.223143,1,BUY,103770.0,0.01,CBROBTCxstrata1x486
2025-05-12 13:33:17.222858,1,SELL,104756.9,0.01,CBROBTCxstrata1x487
2025-05-12 13:33:17.222862,1,BUY,103756.9,0.01,CBROBTCxstrata1x488
2025-05-12 13:33:17.792725,1,SELL,104762.2,0.01,CBROBTCxstrata1x489
2025-05-12 13:33:17.792730,1,BUY,103762.2,0.01,CBROBTCxstrata1x490
2025-05-12 13:33:18.722690,1,SELL,104755.3,0.01,CBROBTCxstrata1x491
2025-05-12 13:33:18.722695,1,BUY,103755.3,0.01,CBROBTCxstrata1x492
2025-05-12 13:33:18.992611,1,SELL,104744.5,0.01,CBROBTCxstrata1x493
2025-05-12 13:33:18.992617,1,BUY,103744.5,0.01,CBROBTCxstrata1x494
2025-05-12 13:33:19.292880,1,SELL,104749.6,0.01,CBROBTCxstrata1x495
2025-05-12 13:33:19.292891,1,BUY,103749.6,0.01,CBROBTCxstrata1x496
2025-05-12 13:33:21.013102,1,SELL,104742.8,0.01,CBROBTCxstrata1x497
2025-05-12 13:33:21.013110,1,BUY,103742.8,0.01,CBROBTCxstrata1x498
2025-05-12 13:33:22.023032,1,SELL,104751.1,0.01,CBROBTCxstrata1x499
2025-05-12 13:33:22.023038,1,BUY,103751.1,0.01,CBROBTCxstrata1x500
2025-05-12 13:33:22.292705,1,SELL,104765.5,0.01,CBROBTCxstrata1x501
2025-05-12 13:33:22.292710,1,BUY,103765.5,0.01,CBROBTCxstrata1x502
2025-05-12 13:33:22.432695,1,SELL,104778.7,0.01,CBROBTCxstrata1x503
2025-05-12 13:33:22.432700,1,BUY,103778.7,0.01,CBROBTCxstrata1x504
2025-05-12 13:33:22.572615,1,SELL,104791.8,0.01,CBROBTCxstrata1x505
2025-05-12 13:33:22.572622,1,BUY,103791.8,0.01,CBROBTCxstrata1x506
2025-05-12 13:33:22.882878,1,SELL,104803.1,0.01,CBROBTCxstrata1x507
2025-05-12 13:33:22.882882,1,BUY,103803.1,0.01,CBROBTCxstrata1x508
2025-05-12 13:33:25.682531,1,SELL,104798.1,0.01,CBROBTCxstrata1x509
2025-05-12 13:33:25.682536,1,BUY,103798.1,0.01,CBROBTCxstrata1x510
2025-05-12 13:33:26.372945,1,SELL,104788.2,0.01,CBROBTCxstrata1x511
2025-05-12 13:33:26.372953,1,BUY,103788.2,0.01,CBROBTCxstrata1x512
2025-05-12 13:33:27.072677,1,SELL,104797.0,0.01,CBROBTCxstrata1x513
2025-05-12 13:33:27.072686,1,BUY,103797.0,0.01,CBROBTCxstrata1x514
2025-05-12 13:33:27.992809,1,SELL,104809.3,0.01,CBROBTCxstrata1x515
2025-05-12 13:33:27.992815,1,BUY,103809.3,0.01,CBROBTCxstrata1x516
2025-05-12 13:33:28.312747,1,SELL,104804.5,0.01,CBROBTCxstrata1x517
2025-05-12 13:33:28.312751,1,BUY,103804.5,0.01,CBROBTCxstrata1x518
2025-05-12 13:33:28.772711,1,SELL,104795.5,0.01,CBROBTCxstrata1x519
2025-05-12 13:33:28.772715,1,BUY,103795.5,0.01,CBROBTCxstrata1x520
2025-05-12 13:33:28.903115,1,SELL,104779.4,0.01,CBROBTCxstrata1x521
2025-05-12 13:33:28.903122,1,BUY,103779.4,0.01,CBROBTCxstrata1x522
2025-05-12 13:33:30.222630,1,SELL,104783.1,0.01,CBROBTCxstrata1x523
2025-05-12 13:33:30.222636,1,BUY,103783.1,0.01,CBROBTCxstrata1x524
2025-05-12 13:33:30.582553,1,SELL,104776.3,0.01,CBROBTCxstrata1x525
2025-05-12 13:33:30.582560,1,BUY,103776.3,0.01,CBROBTCxstrata1x526
2025-05-12 13:33:31.282660,1,SELL,104783.5,0.01,CBROBTCxstrata1x527
2025-05-12 13:33:31.282666,1,BUY,103783.5,0.01,CBROBTCxstrata1x528
2025-05-12 13:33:32.242703,1,SELL,104795.1,0.01,CBROBTCxstrata1x529
2025-05-12 13:33:32.242707,1,BUY,103795.1,0.01,CBROBTCxstrata1x530
2025-05-12 13:33:33.212795,1,SELL,104806.4,0.01,CBROBTCxstrata1x531
2025-05-12 13:33:33.212804,1,BUY,103806.4,0.01,CBROBTCxstrata1x532
2025-05-12 13:33:33.833067,1,SELL,104801.7,0.01,CBROBTCxstrata1x533
2025-05-12 13:33:33.833074,1,BUY,103801.7,0.01,CBROBTCxstrata1x534
2025-05-12 13:33:34.042708,1,SELL,104791.3,0.01,CBROBTCxstrata1x535
2025-05-12 13:33:34.042714,1,BUY,103791.3,0.01,CBROBTCxstrata1x536
2025-05-12 13:33:34.772605,1,SELL,104779.9,0.01,CBROBTCxstrata1x537
2025-05-12 13:33:34.772609,1,BUY,103779.9,0.01,CBROBTCxstrata1x538
2025-05-12 13:33:35.062841,1,SELL,104788.1,0.01,CBROBTCxstrata1x539
2025-05-12 13:33:35.062845,1,BUY,103788.1,0.01,CBROBTCxstrata1x540
2025-05-12 13:33:35.883137,1,SELL,104782.3,0.01,CBROBTCxstrata1x541
2025-05-12 13:33:35.883141,1,BUY,103782.3,0.01,CBROBTCxstrata1x542
2025-05-12 13:33:37.032778,1,SELL,104769.0,0.01,CBROBTCxstrata1x543
2025-05-12 13:33:37.032783,1,BUY,103769.0,0.01,CBROBTCxstrata1x544
2025-05-12 13:33:37.162934,1,SELL,104751.7,0.01,CBROBTCxstrata1x545
2025-05-12 13:33:37.162941,1,BUY,103751.7,0.01,CBROBTCxstrata1x546
2025-05-12 13:33:37.922837,1,SELL,104738.6,0.01,CBROBTCxstrata1x547
2025-05-12 13:33:37.922844,1,BUY,103738.6,0.01,CBROBTCxstrata1x548
2025-05-12 13:33:38.653117,1,SELL,104727.3,0.01,CBROBTCxstrata1x549
2025-05-12 13:33:38.653122,1,BUY,103727.3,0.01,CBROBTCxstrata1x550
2025-05-12 13:33:39.502922,1,SELL,104734.7,0.01,CBROBTCxstrata1x551
2025-05-12 13:33:39.502927,1,BUY,103734.7,0.01,CBROBTCxstrata1x552
2025-05-12 13:33:39.635453,1,SELL,104727.8,0.01,CBROBTCxstrata1x553
2025-05-12 13:33:39.635458,1,BUY,103727.8,0.01,CBROBTCxstrata1x554
2025-05-12 13:33:39.795741,1,SELL,104708.2,0.01,CBROBTCxstrata1x555
2025-05-12 13:33:39.795747,1,BUY,103708.2,0.01,CBROBTCxstrata1x556
2025-05-12 13:33:39.933054,1,SELL,104694.2,0.01,CBROBTCxstrata1x557
2025-05-12 13:33:39.933061,1,BUY,103694.2,0.01,CBROBTCxstrata1x558
2025-05-12 13:33:40.172939,1,SELL,104681.3,0.01,CBROBTCxstrata1x559
2025-05-12 13:33:40.172943,1,BUY,103681.3,0.01,CBROBTCxstrata1x560
2025-05-12 13:33:41.424041,1,SELL,104670.4,0.01,CBROBTCxstrata1x561
2025-05-12 13:33:41.424051,1,BUY,103670.4,0.01,CBROBTCxstrata1x562
2025-05-12 13:33:42.403666,1,SELL,104657.7,0.01,CBROBTCxstrata1x563
2025-05-12 13:33:42.403675,1,BUY,103657.7,0.01,CBROBTCxstrata1x564
2025-05-12 13:33:42.662815,1,SELL,104662.5,0.01,CBROBTCxstrata1x565
2025-05-12 13:33:42.662823,1,BUY,103662.5,0.01,CBROBTCxstrata1x566
2025-05-12 13:33:42.922628,1,SELL,104674.8,0.01,CBROBTCxstrata1x567
2025-05-12 13:33:42.922633,1,BUY,103674.8,0.01,CBROBTCxstrata1x568
2025-05-12 13:33:43.122838,1,SELL,104667.8,0.01,CBROBTCxstrata1x569
2025-05-12 13:33:43.122843,1,BUY,103667.8,0.01,CBROBTCxstrata1x570
2025-05-12 13:33:43.293040,1,SELL,104655.7,0.01,CBROBTCxstrata1x571
2025-05-12 13:33:43.293049,1,BUY,103655.7,0.01,CBROBTCxstrata1x572
2025-05-12 13:33:44.382775,1,SELL,104660.3,0.01,CBROBTCxstrata1x573
2025-05-12 13:33:44.382780,1,BUY,103660.3,0.01,CBROBTCxstrata1x574
2025-05-12 13:33:44.522761,1,SELL,104670.3,0.01,CBROBTCxstrata1x575
2025-05-12 13:33:44.522767,1,BUY,103670.3,0.01,CBROBTCxstrata1x576
2025-05-12 13:33:44.902949,1,SELL,104664.7,0.01,CBROBTCxstrata1x577
2025-05-12 13:33:44.902955,1,BUY,103664.7,0.01,CBROBTCxstrata1x578
2025-05-12 13:33:47.122894,1,SELL,104672.9,0.01,CBROBTCxstrata1x579
2025-05-12 13:33:47.122899,1,BUY,103672.9,0.01,CBROBTCxstrata1x580
2025-05-12 13:33:47.502916,1,SELL,104682.7,0.01,CBROBTCxstrata1x581
2025-05-12 13:33:47.502922,1,BUY,103682.7,0.01,CBROBTCxstrata1x582
2025-05-12 13:33:47.822502,1,SELL,104693.0,0.01,CBROBTCxstrata1x583
2025-05-12 13:33:47.822507,1,BUY,103693.0,0.01,CBROBTCxstrata1x584
2025-05-12 13:33:48.523018,1,SELL,104687.8,0.01,CBROBTCxstrata1x585
2025-05-12 13:33:48.523024,1,BUY,103687.8,0.01,CBROBTCxstrata1x586
2025-05-12 13:33:48.892731,1,SELL,104674.5,0.01,CBROBTCxstrata1x587
2025-05-12 13:33:48.892737,1,BUY,103674.5,0.01,CBROBTCxstrata1x588
2025-05-12 13:33:49.022892,1,SELL,104663.7,0.01,CBROBTCxstrata1x589
2025-05-12 13:33:49.022898,1,BUY,103663.7,0.01,CBROBTCxstrata1x590
2025-05-12 13:33:51.803201,1,SELL,104670.5,0.01,CBROBTCxstrata1x591
2025-05-12 13:33:51.803207,1,BUY,103670.5,0.01,CBROBTCxstrata1x592
2025-05-12 13:33:51.962762,1,SELL,104679.7,0.01,CBROBTCxstrata1x593
2025-05-12 13:33:51.962769,1,BUY,103679.7,0.01,CBROBTCxstrata1x594
2025-05-12 13:33:54.942809,1,SELL,104671.2,0.01,CBROBTCxstrata1x595
2025-05-12 13:33:54.942816,1,BUY,103671.2,0.01,CBROBTCxstrata1x596
2025-05-12 13:33:56.682988,1,SELL,104658.8,0.01,CBROBTCxstrata1x597
2025-05-12 13:33:56.682993,1,BUY,103658.8,0.01,CBROBTCxstrata1x598
2025-05-12 13:33:59.522949,1,SELL,104665.9,0.01,CBROBTCxstrata1x599
2025-05-12 13:33:59.522960,1,BUY,103665.9,0.01,CBROBTCxstrata1x600
2025-05-12 13:34:00.752934,1,SELL,104675.4,0.01,CBROBTCxstrata1x601
2025-05-12 13:34:00.752940,1,BUY,103675.4,0.01,CBROBTCxstrata1x602
2025-05-12 13:34:00.892715,1,SELL,104686.1,0.01,CBROBTCxstrata1x603
2025-05-12 13:34:00.892723,1,BUY,103686.1,0.01,CBROBTCxstrata1x604
2025-05-12 13:34:01.463101,1,SELL,104700.3,0.01,CBROBTCxstrata1x605
2025-05-12 13:34:01.463108,1,BUY,103700.3,0.01,CBROBTCxstrata1x606
2025-05-12 13:34:01.603444,1,SELL,104714.4,0.01,CBROBTCxstrata1x607
2025-05-12 13:34:01.603451,1,BUY,103714.4,0.01,CBROBTCxstrata1x608
2025-05-12 13:34:02.682811,1,SELL,104704.3,0.01,CBROBTCxstrata1x609
2025-05-12 13:34:02.682819,1,BUY,103704.3,0.01,CBROBTCxstrata1x610
2025-05-12 13:34:02.813881,1,SELL,104684.9,0.01,CBROBTCxstrata1x611
2025-05-12 13:34:02.813888,1,BUY,103684.9,0.01,CBROBTCxstrata1x612
2025-05-12 13:34:02.952687,1,SELL,104672.5,0.01,CBROBTCxstrata1x613
2025-05-12 13:34:02.952694,1,BUY,103672.5,0.01,CBROBTCxstrata1x614
2025-05-12 13:34:03.462972,1,SELL,104658.0,0.01,CBROBTCxstrata1x615
2025-05-12 13:34:03.462977,1,BUY,103658.0,0.01,CBROBTCxstrata1x616
2025-05-12 13:34:04.743005,1,SELL,104666.9,0.01,CBROBTCxstrata1x617
2025-05-12 13:34:04.743012,1,BUY,103666.9,0.01,CBROBTCxstrata1x618
2025-05-12 13:34:05.042943,1,SELL,104656.3,0.01,CBROBTCxstrata1x619
2025-05-12 13:34:05.042950,1,BUY,103656.3,0.01,CBROBTCxstrata1x620
2025-05-12 13:34:05.762578,1,SELL,104661.6,0.01,CBROBTCxstrata1x621
2025-05-12 13:34:05.762585,1,BUY,103661.6,0.01,CBROBTCxstrata1x622
2025-05-12 13:34:06.143058,1,SELL,104674.9,0.01,CBROBTCxstrata1x623
2025-05-12 13:34:06.143064,1,BUY,103674.9,0.01,CBROBTCxstrata1x624
2025-05-12 13:34:07.052800,1,SELL,104688.7,0.01,CBROBTCxstrata1x625
2025-05-12 13:34:07.052805,1,BUY,103688.7,0.01,CBROBTCxstrata1x626
2025-05-12 13:34:07.193395,1,SELL,104683.8,0.01,CBROBTCxstrata1x627
2025-05-12 13:34:07.193403,1,BUY,103683.8,0.01,CBROBTCxstrata1x628
2025-05-12 13:34:07.753120,1,SELL,104694.4,0.01,CBROBTCxstrata1x629
2025-05-12 13:34:07.753127,1,BUY,103694.4,0.01,CBROBTCxstrata1x630
2025-05-12 13:34:08.072758,1,SELL,104687.7,0.01,CBROBTCxstrata1x631
2025-05-12 13:34:08.072766,1,BUY,103687.7,0.01,CBROBTCxstrata1x632
2025-05-12 13:34:09.523088,1,SELL,104676.2,0.01,CBROBTCxstrata1x633
2025-05-12 13:34:09.523095,1,BUY,103676.2,0.01,CBROBTCxstrata1x634
2025-05-12 13:34:10.022819,1,SELL,104664.7,0.01,CBROBTCxstrata1x635
2025-05-12 13:34:10.022825,1,BUY,103664.7,0.01,CBROBTCxstrata1x636
2025-05-12 13:34:10.483167,1,SELL,104653.8,0.01,CBROBTCxstrata1x637
2025-05-12 13:34:10.483174,1,BUY,103653.8,0.01,CBROBTCxstrata1x638
2025-05-12 13:34:10.943574,1,SELL,104643.3,0.01,CBROBTCxstrata1x639
2025-05-12 13:34:10.943581,1,BUY,103643.3,0.01,CBROBTCxstrata1x640
2025-05-12 13:34:12.352892,1,SELL,104651.3,0.01,CBROBTCxstrata1x641
2025-05-12 13:34:12.352897,1,BUY,103651.3,0.01,CBROBTCxstrata1x642
2025-05-12 13:34:13.972549,1,SELL,104662.3,0.01,CBROBTCxstrata1x643
2025-05-12 13:34:13.972556,1,BUY,103662.3,0.01,CBROBTCxstrata1x644
2025-05-12 13:34:14.352897,1,SELL,104673.8,0.01,CBROBTCxstrata1x645
2025-05-12 13:34:14.352906,1,BUY,103673.8,0.01,CBROBTCxstrata1x646
2025-05-12 13:34:15.022876,1,SELL,104668.9,0.01,CBROBTCxstrata1x647
2025-05-12 13:34:15.022884,1,BUY,103668.9,0.01,CBROBTCxstrata1x648
2025-05-12 13:34:17.437868,1,SELL,104657.9,0.01,CBROBTCxstrata1x649
2025-05-12 13:34:17.437873,1,BUY,103657.9,0.01,CBROBTCxstrata1x650
2025-05-12 13:34:17.571274,1,SELL,104647.5,0.01,CBROBTCxstrata1x651
2025-05-12 13:34:17.571278,1,BUY,103647.5,0.01,CBROBTCxstrata1x652
2025-05-12 13:34:18.962716,1,SELL,104635.3,0.01,CBROBTCxstrata1x653
2025-05-12 13:34:18.962721,1,BUY,103635.3,0.01,CBROBTCxstrata1x654
2025-05-12 13:34:20.512768,1,SELL,104641.1,0.01,CBROBTCxstrata1x655
2025-05-12 13:34:20.512774,1,BUY,103641.1,0.01,CBROBTCxstrata1x656
2025-05-12 13:34:22.152740,1,SELL,104651.8,0.01,CBROBTCxstrata1x657
2025-05-12 13:34:22.152747,1,BUY,103651.8,0.01,CBROBTCxstrata1x658
2025-05-12 13:34:22.672970,1,SELL,104663.7,0.01,CBROBTCxstrata1x659
2025-05-12 13:34:22.672979,1,BUY,103663.7,0.01,CBROBTCxstrata1x660
2025-05-12 13:34:25.192478,1,SELL,104674.4,0.01,CBROBTCxstrata1x661
2025-05-12 13:34:25.192490,1,BUY,103674.4,0.01,CBROBTCxstrata1x662
2025-05-12 13:34:25.323002,1,SELL,104700.1,0.01,CBROBTCxstrata1x663
2025-05-12 13:34:25.323007,1,BUY,103700.1,0.01,CBROBTCxstrata1x664
2025-05-12 13:34:25.582667,1,SELL,104698.3,0.01,CBROBTCxstrata1x665
2025-05-12 13:34:25.582672,1,BUY,103698.3,0.01,CBROBTCxstrata1x666
2025-05-12 13:34:26.632792,1,SELL,104689.4,0.01,CBROBTCxstrata1x667
2025-05-12 13:34:26.632800,1,BUY,103689.4,0.01,CBROBTCxstrata1x668
2025-05-12 13:34:29.282904,1,SELL,104698.3,0.01,CBROBTCxstrata1x669
2025-05-12 13:34:29.282909,1,BUY,103698.3,0.01,CBROBTCxstrata1x670
2025-05-12 13:34:31.262737,1,SELL,104709.0,0.01,CBROBTCxstrata1x671
2025-05-12 13:34:31.262744,1,BUY,103709.0,0.01,CBROBTCxstrata1x672
2025-05-12 13:34:32.015869,1,SELL,104723.8,0.01,CBROBTCxstrata1x673
2025-05-12 13:34:32.015874,1,BUY,103723.8,0.01,CBROBTCxstrata1x674
2025-05-12 13:34:33.482837,1,SELL,104719.7,0.01,CBROBTCxstrata1x675
2025-05-12 13:34:33.482843,1,BUY,103719.7,0.01,CBROBTCxstrata1x676
2025-05-12 13:34:34.342845,1,SELL,104727.4,0.01,CBROBTCxstrata1x677
2025-05-12 13:34:34.342853,1,BUY,103727.4,0.01,CBROBTCxstrata1x678
2025-05-12 13:34:34.522819,1,SELL,104736.8,0.01,CBROBTCxstrata1x679
2025-05-12 13:34:34.522826,1,BUY,103736.8,0.01,CBROBTCxstrata1x680
2025-05-12 13:34:36.193194,1,SELL,104749.2,0.01,CBROBTCxstrata1x681
2025-05-12 13:34:36.193198,1,BUY,103749.2,0.01,CBROBTCxstrata1x682
2025-05-12 13:34:39.123148,1,SELL,104740.7,0.01,CBROBTCxstrata1x683
2025-05-12 13:34:39.123398,1,BUY,103740.7,0.01,CBROBTCxstrata1x684
2025-05-12 13:34:40.813293,1,SELL,104730.1,0.01,CBROBTCxstrata1x685
2025-05-12 13:34:40.813299,1,BUY,103730.1,0.01,CBROBTCxstrata1x686
2025-05-12 13:34:42.053338,1,SELL,104717.7,0.01,CBROBTCxstrata1x687
2025-05-12 13:34:42.053342,1,BUY,103717.7,0.01,CBROBTCxstrata1x688
2025-05-12 13:34:43.052733,1,SELL,104706.1,0.01,CBROBTCxstrata1x689
2025-05-12 13:34:43.052739,1,BUY,103706.1,0.01,CBROBTCxstrata1x690
2025-05-12 13:34:44.003062,1,SELL,104711.9,0.01,CBROBTCxstrata1x691
2025-05-12 13:34:44.003067,1,BUY,103711.9,0.01,CBROBTCxstrata1x692
2025-05-12 13:34:44.137260,1,SELL,104722.9,0.01,CBROBTCxstrata1x693
2025-05-12 13:34:44.137265,1,BUY,103722.9,0.01,CBROBTCxstrata1x694
2025-05-12 13:34:44.982618,1,SELL,104714.9,0.01,CBROBTCxstrata1x695
2025-05-12 13:34:44.982625,1,BUY,103714.9,0.01,CBROBTCxstrata1x696
2025-05-12 13:34:48.442864,1,SELL,104722.2,0.01,CBROBTCxstrata1x697
2025-05-12 13:34:48.442873,1,BUY,103722.2,0.01,CBROBTCxstrata1x698
2025-05-12 13:34:49.892909,1,SELL,104711.2,0.01,CBROBTCxstrata1x699
2025-05-12 13:34:49.892915,1,BUY,103711.2,0.01,CBROBTCxstrata1x700
2025-05-12 13:34:50.893629,1,SELL,104697.0,0.01,CBROBTCxstrata1x701
2025-05-12 13:34:50.893635,1,BUY,103697.0,0.01,CBROBTCxstrata1x702
2025-05-12 13:34:51.562814,1,SELL,104685.5,0.01,CBROBTCxstrata1x703
2025-05-12 13:34:51.562822,1,BUY,103685.5,0.01,CBROBTCxstrata1x704
2025-05-12 13:34:53.422600,1,SELL,104690.4,0.01,CBROBTCxstrata1x705
2025-05-12 13:34:53.422604,1,BUY,103690.4,0.01,CBROBTCxstrata1x706
2025-05-12 13:34:55.194285,1,SELL,104699.8,0.01,CBROBTCxstrata1x707
2025-05-12 13:34:55.194290,1,BUY,103699.8,0.01,CBROBTCxstrata1x708
2025-05-12 13:34:55.332941,1,SELL,104718.2,0.01,CBROBTCxstrata1x709
2025-05-12 13:34:55.332949,1,BUY,103718.2,0.01,CBROBTCxstrata1x710
2025-05-12 13:34:57.103639,1,SELL,104711.6,0.01,CBROBTCxstrata1x711
2025-05-12 13:34:57.103648,1,BUY,103711.6,0.01,CBROBTCxstrata1x712
2025-05-12 13:34:58.952746,1,SELL,104698.0,0.01,CBROBTCxstrata1x713
2025-05-12 13:34:58.952754,1,BUY,103698.0,0.01,CBROBTCxstrata1x714
2025-05-12 13:34:59.092778,1,SELL,104686.0,0.01,CBROBTCxstrata1x715
2025-05-12 13:34:59.092784,1,BUY,103686.0,0.01,CBROBTCxstrata1x716
2025-05-12 13:35:00.453127,1,SELL,104674.0,0.01,CBROBTCxstrata1x717
2025-05-12 13:35:00.453131,1,BUY,103674.0,0.01,CBROBTCxstrata1x718
2025-05-12 13:35:01.603488,1,SELL,104662.9,0.01,CBROBTCxstrata1x719
2025-05-12 13:35:01.603493,1,BUY,103662.9,0.01,CBROBTCxstrata1x720
2025-05-12 13:35:01.772950,1,SELL,104649.0,0.01,CBROBTCxstrata1x721
2025-05-12 13:35:01.772957,1,BUY,103649.0,0.01,CBROBTCxstrata1x722
2025-05-12 13:35:02.622905,1,SELL,104636.5,0.01,CBROBTCxstrata1x723
2025-05-12 13:35:02.622910,1,BUY,103636.5,0.01,CBROBTCxstrata1x724
2025-05-12 13:35:02.759509,1,SELL,104619.2,0.01,CBROBTCxstrata1x725
2025-05-12 13:35:02.759516,1,BUY,103619.2,0.01,CBROBTCxstrata1x726
2025-05-12 13:35:02.942758,1,SELL,104604.9,0.01,CBROBTCxstrata1x727
2025-05-12 13:35:02.942764,1,BUY,103604.9,0.01,CBROBTCxstrata1x728
2025-05-12 13:35:03.982612,1,SELL,104593.5,0.01,CBROBTCxstrata1x729
2025-05-12 13:35:03.982627,1,BUY,103593.5,0.01,CBROBTCxstrata1x730
2025-05-12 13:35:04.302826,1,SELL,104602.6,0.01,CBROBTCxstrata1x731
2025-05-12 13:35:04.302834,1,BUY,103602.6,0.01,CBROBTCxstrata1x732
2025-05-12 13:35:04.592425,1,SELL,104595.1,0.01,CBROBTCxstrata1x733
2025-05-12 13:35:04.592431,1,BUY,103595.1,0.01,CBROBTCxstrata1x734
2025-05-12 13:35:05.023015,1,SELL,104583.9,0.01,CBROBTCxstrata1x735
2025-05-12 13:35:05.023022,1,BUY,103583.9,0.01,CBROBTCxstrata1x736
2025-05-12 13:35:06.252939,1,SELL,104589.0,0.01,CBROBTCxstrata1x737
2025-05-12 13:35:06.252944,1,BUY,103589.0,0.01,CBROBTCxstrata1x738
2025-05-12 13:35:06.502836,1,SELL,104598.1,0.01,CBROBTCxstrata1x739
2025-05-12 13:35:06.502846,1,BUY,103598.1,0.01,CBROBTCxstrata1x740
2025-05-12 13:35:06.662784,1,SELL,104610.4,0.01,CBROBTCxstrata1x741
2025-05-12 13:35:06.662791,1,BUY,103610.4,0.01,CBROBTCxstrata1x742
2025-05-12 13:35:06.792952,1,SELL,104625.2,0.01,CBROBTCxstrata1x743
2025-05-12 13:35:06.792959,1,BUY,103625.2,0.01,CBROBTCxstrata1x744
2025-05-12 13:35:08.182622,1,SELL,104639.4,0.01,CBROBTCxstrata1x745
2025-05-12 13:35:08.182639,1,BUY,103639.4,0.01,CBROBTCxstrata1x746
2025-05-12 13:35:08.703006,1,SELL,104652.2,0.01,CBROBTCxstrata1x747
2025-05-12 13:35:08.703012,1,BUY,103652.2,0.01,CBROBTCxstrata1x748
2025-05-12 13:35:08.842932,1,SELL,104664.7,0.01,CBROBTCxstrata1x749
2025-05-12 13:35:08.842938,1,BUY,103664.7,0.01,CBROBTCxstrata1x750
2025-05-12 13:35:09.582716,1,SELL,104675.4,0.01,CBROBTCxstrata1x751
2025-05-12 13:35:09.582721,1,BUY,103675.4,0.01,CBROBTCxstrata1x752
2025-05-12 13:35:10.023017,1,SELL,104668.4,0.01,CBROBTCxstrata1x753
2025-05-12 13:35:10.023023,1,BUY,103668.4,0.01,CBROBTCxstrata1x754
2025-05-12 13:35:11.682719,1,SELL,104657.5,0.01,CBROBTCxstrata1x755
2025-05-12 13:35:11.682724,1,BUY,103657.5,0.01,CBROBTCxstrata1x756
2025-05-12 13:35:12.013155,1,SELL,104644.7,0.01,CBROBTCxstrata1x757
2025-05-12 13:35:12.013160,1,BUY,103644.7,0.01,CBROBTCxstrata1x758
2025-05-12 13:35:13.462727,1,SELL,104632.5,0.01,CBROBTCxstrata1x759
2025-05-12 13:35:13.462735,1,BUY,103632.5,0.01,CBROBTCxstrata1x760
2025-05-12 13:35:13.932787,1,SELL,104639.7,0.01,CBROBTCxstrata1x761
2025-05-12 13:35:13.932792,1,BUY,103639.7,0.01,CBROBTCxstrata1x762
2025-05-12 13:35:16.962904,1,SELL,104633.8,0.01,CBROBTCxstrata1x763
2025-05-12 13:35:16.962914,1,BUY,103633.8,0.01,CBROBTCxstrata1x764
2025-05-12 13:35:18.472907,1,SELL,104623.7,0.01,CBROBTCxstrata1x765
2025-05-12 13:35:18.472915,1,BUY,103623.7,0.01,CBROBTCxstrata1x766
2025-05-12 13:35:18.932454,1,SELL,104612.0,0.01,CBROBTCxstrata1x767
2025-05-12 13:35:18.932459,1,BUY,103612.0,0.01,CBROBTCxstrata1x768
2025-05-12 13:35:20.332864,1,SELL,104601.6,0.01,CBROBTCxstrata1x769
2025-05-12 13:35:20.332872,1,BUY,103601.6,0.01,CBROBTCxstrata1x770
2025-05-12 13:35:21.922960,1,SELL,104589.3,0.01,CBROBTCxstrata1x771
2025-05-12 13:35:21.922965,1,BUY,103589.3,0.01,CBROBTCxstrata1x772
2025-05-12 13:35:22.522825,1,SELL,104577.6,0.01,CBROBTCxstrata1x773
2025-05-12 13:35:22.522829,1,BUY,103577.6,0.01,CBROBTCxstrata1x774
2025-05-12 13:35:23.193264,1,SELL,104562.1,0.01,CBROBTCxstrata1x775
2025-05-12 13:35:23.193271,1,BUY,103562.1,0.01,CBROBTCxstrata1x776
2025-05-12 13:35:24.752810,1,SELL,104566.6,0.01,CBROBTCxstrata1x777
2025-05-12 13:35:24.752821,1,BUY,103566.6,0.01,CBROBTCxstrata1x778
2025-05-12 13:35:24.882939,1,SELL,104576.1,0.01,CBROBTCxstrata1x779
2025-05-12 13:35:24.882947,1,BUY,103576.1,0.01,CBROBTCxstrata1x780
2025-05-12 13:35:26.682862,1,SELL,104568.6,0.01,CBROBTCxstrata1x781
2025-05-12 13:35:26.682868,1,BUY,103568.6,0.01,CBROBTCxstrata1x782
2025-05-12 13:35:27.372737,1,SELL,104576.2,0.01,CBROBTCxstrata1x783
2025-05-12 13:35:27.372745,1,BUY,103576.2,0.01,CBROBTCxstrata1x784
2025-05-12 13:35:27.503337,1,SELL,104587.6,0.01,CBROBTCxstrata1x785
2025-05-12 13:35:27.503343,1,BUY,103587.6,0.01,CBROBTCxstrata1x786
2025-05-12 13:35:28.562774,1,SELL,104598.8,0.01,CBROBTCxstrata1x787
2025-05-12 13:35:28.562781,1,BUY,103598.8,0.01,CBROBTCxstrata1x788
2025-05-12 13:35:31.662727,1,SELL,104593.8,0.01,CBROBTCxstrata1x789
2025-05-12 13:35:31.662731,1,BUY,103593.8,0.01,CBROBTCxstrata1x790
2025-05-12 13:35:31.803039,1,SELL,104583.6,0.01,CBROBTCxstrata1x791
2025-05-12 13:35:31.803047,1,BUY,103583.6,0.01,CBROBTCxstrata1x792
2025-05-12 13:35:33.212548,1,SELL,104573.5,0.01,CBROBTCxstrata1x793
2025-05-12 13:35:33.212557,1,BUY,103573.5,0.01,CBROBTCxstrata1x794
2025-05-12 13:35:35.522846,1,SELL,104578.7,0.01,CBROBTCxstrata1x795
2025-05-12 13:35:35.522852,1,BUY,103578.7,0.01,CBROBTCxstrata1x796
2025-05-12 13:35:35.658211,1,SELL,104589.3,0.01,CBROBTCxstrata1x797
2025-05-12 13:35:35.658216,1,BUY,103589.3,0.01,CBROBTCxstrata1x798
2025-05-12 13:35:38.232703,1,SELL,104580.9,0.01,CBROBTCxstrata1x799
2025-05-12 13:35:38.232712,1,BUY,103580.9,0.01,CBROBTCxstrata1x800
2025-05-12 13:35:39.103037,1,SELL,104569.9,0.01,CBROBTCxstrata1x801
2025-05-12 13:35:39.103041,1,BUY,103569.9,0.01,CBROBTCxstrata1x802
2025-05-12 13:35:39.692664,1,SELL,104575.1,0.01,CBROBTCxstrata1x803
2025-05-12 13:35:39.692670,1,BUY,103575.1,0.01,CBROBTCxstrata1x804
2025-05-12 13:35:39.822712,1,SELL,104586.3,0.01,CBROBTCxstrata1x805
2025-05-12 13:35:39.822718,1,BUY,103586.3,0.01,CBROBTCxstrata1x806
2025-05-12 13:35:40.142506,1,SELL,104580.1,0.01,CBROBTCxstrata1x807
2025-05-12 13:35:40.142513,1,BUY,103580.1,0.01,CBROBTCxstrata1x808
2025-05-12 13:35:41.623235,1,SELL,104587.5,0.01,CBROBTCxstrata1x809
2025-05-12 13:35:41.623242,1,BUY,103587.5,0.01,CBROBTCxstrata1x810
2025-05-12 13:35:41.762948,1,SELL,104603.9,0.01,CBROBTCxstrata1x811
2025-05-12 13:35:41.762954,1,BUY,103603.9,0.01,CBROBTCxstrata1x812
2025-05-12 13:35:43.232752,1,SELL,104599.5,0.01,CBROBTCxstrata1x813
2025-05-12 13:35:43.232758,1,BUY,103599.5,0.01,CBROBTCxstrata1x814
2025-05-12 13:35:45.782861,1,SELL,104588.8,0.01,CBROBTCxstrata1x815
2025-05-12 13:35:45.782867,1,BUY,103588.8,0.01,CBROBTCxstrata1x816
2025-05-12 13:35:45.914255,1,SELL,104577.8,0.01,CBROBTCxstrata1x817
2025-05-12 13:35:45.914260,1,BUY,103577.8,0.01,CBROBTCxstrata1x818
2025-05-12 13:35:48.362895,1,SELL,104582.7,0.01,CBROBTCxstrata1x819
2025-05-12 13:35:48.362902,1,BUY,103582.7,0.01,CBROBTCxstrata1x820
2025-05-12 13:35:48.498522,1,SELL,104607.1,0.01,CBROBTCxstrata1x821
2025-05-12 13:35:48.498528,1,BUY,103607.1,0.01,CBROBTCxstrata1x822
2025-05-12 13:35:49.072884,1,SELL,104605.1,0.01,CBROBTCxstrata1x823
2025-05-12 13:35:49.072890,1,BUY,103605.1,0.01,CBROBTCxstrata1x824
2025-05-12 13:35:50.603041,1,SELL,104594.3,0.01,CBROBTCxstrata1x825
2025-05-12 13:35:50.603047,1,BUY,103594.3,0.01,CBROBTCxstrata1x826
2025-05-12 13:35:50.852861,1,SELL,104602.5,0.01,CBROBTCxstrata1x827
2025-05-12 13:35:50.852872,1,BUY,103602.5,0.01,CBROBTCxstrata1x828
2025-05-12 13:35:51.332485,1,SELL,104595.8,0.01,CBROBTCxstrata1x829
2025-05-12 13:35:51.332494,1,BUY,103595.8,0.01,CBROBTCxstrata1x830
2025-05-12 13:35:53.122896,1,SELL,104585.8,0.01,CBROBTCxstrata1x831
2025-05-12 13:35:53.122902,1,BUY,103585.8,0.01,CBROBTCxstrata1x832
2025-05-12 13:35:53.922893,1,SELL,104575.2,0.01,CBROBTCxstrata1x833
2025-05-12 13:35:53.922901,1,BUY,103575.2,0.01,CBROBTCxstrata1x834
2025-05-12 13:35:56.542905,1,SELL,104581.0,0.01,CBROBTCxstrata1x835
2025-05-12 13:35:56.542910,1,BUY,103581.0,0.01,CBROBTCxstrata1x836
2025-05-12 13:35:59.003356,1,SELL,104591.0,0.01,CBROBTCxstrata1x837
2025-05-12 13:35:59.003363,1,BUY,103591.0,0.01,CBROBTCxstrata1x838
2025-05-12 13:36:01.203251,1,SELL,104601.4,0.01,CBROBTCxstrata1x839
2025-05-12 13:36:01.203258,1,BUY,103601.4,0.01,CBROBTCxstrata1x840
2025-05-12 13:36:01.353075,1,SELL,104613.3,0.01,CBROBTCxstrata1x841
2025-05-12 13:36:01.353081,1,BUY,103613.3,0.01,CBROBTCxstrata1x842
2025-05-12 13:36:01.496714,1,SELL,104624.8,0.01,CBROBTCxstrata1x843
2025-05-12 13:36:01.496721,1,BUY,103624.8,0.01,CBROBTCxstrata1x844
2025-05-12 13:36:01.823100,1,SELL,104640.1,0.01,CBROBTCxstrata1x845
2025-05-12 13:36:01.823105,1,BUY,103640.1,0.01,CBROBTCxstrata1x846
2025-05-12 13:36:01.963016,1,SELL,104651.8,0.01,CBROBTCxstrata1x847
2025-05-12 13:36:01.963022,1,BUY,103651.8,0.01,CBROBTCxstrata1x848
2025-05-12 13:36:04.112965,1,SELL,104664.4,0.01,CBROBTCxstrata1x849
2025-05-12 13:36:04.112976,1,BUY,103664.4,0.01,CBROBTCxstrata1x850
2025-05-12 13:36:04.723051,1,SELL,104658.5,0.01,CBROBTCxstrata1x851
2025-05-12 13:36:04.723063,1,BUY,103658.5,0.01,CBROBTCxstrata1x852
2025-05-12 13:36:04.856945,1,SELL,104644.8,0.01,CBROBTCxstrata1x853
2025-05-12 13:36:04.856950,1,BUY,103644.8,0.01,CBROBTCxstrata1x854
2025-05-12 13:36:04.992804,1,SELL,104629.9,0.01,CBROBTCxstrata1x855
2025-05-12 13:36:04.992809,1,BUY,103629.9,0.01,CBROBTCxstrata1x856
2025-05-12 13:36:05.703054,1,SELL,104633.9,0.01,CBROBTCxstrata1x857
2025-05-12 13:36:05.703058,1,BUY,103633.9,0.01,CBROBTCxstrata1x858
2025-05-12 13:36:07.212873,1,SELL,104646.1,0.01,CBROBTCxstrata1x859
2025-05-12 13:36:07.212880,1,BUY,103646.1,0.01,CBROBTCxstrata1x860
2025-05-12 13:36:07.833321,1,SELL,104660.7,0.01,CBROBTCxstrata1x861
2025-05-12 13:36:07.833334,1,BUY,103660.7,0.01,CBROBTCxstrata1x862
2025-05-12 13:36:08.703090,1,SELL,104672.1,0.01,CBROBTCxstrata1x863
2025-05-12 13:36:08.703094,1,BUY,103672.1,0.01,CBROBTCxstrata1x864
2025-05-12 13:36:10.103035,1,SELL,104666.7,0.01,CBROBTCxstrata1x865
2025-05-12 13:36:10.103040,1,BUY,103666.7,0.01,CBROBTCxstrata1x866
2025-05-12 13:36:10.662854,1,SELL,104656.7,0.01,CBROBTCxstrata1x867
2025-05-12 13:36:10.662859,1,BUY,103656.7,0.01,CBROBTCxstrata1x868
2025-05-12 13:36:12.733321,1,SELL,104666.5,0.01,CBROBTCxstrata1x869
2025-05-12 13:36:12.733334,1,BUY,103666.5,0.01,CBROBTCxstrata1x870
2025-05-12 13:36:13.712844,1,SELL,104676.6,0.01,CBROBTCxstrata1x871
2025-05-12 13:36:13.712853,1,BUY,103676.6,0.01,CBROBTCxstrata1x872
2025-05-12 13:36:15.552956,1,SELL,104668.6,0.01,CBROBTCxstrata1x873
2025-05-12 13:36:15.552964,1,BUY,103668.6,0.01,CBROBTCxstrata1x874
2025-05-12 13:36:16.142789,1,SELL,104676.9,0.01,CBROBTCxstrata1x875
2025-05-12 13:36:16.142793,1,BUY,103676.9,0.01,CBROBTCxstrata1x876
2025-05-12 13:36:19.013181,1,SELL,104690.6,0.01,CBROBTCxstrata1x877
2025-05-12 13:36:19.013188,1,BUY,103690.6,0.01,CBROBTCxstrata1x878
2025-05-12 13:36:19.242714,1,SELL,104702.4,0.01,CBROBTCxstrata1x879
2025-05-12 13:36:19.242720,1,BUY,103702.4,0.01,CBROBTCxstrata1x880
2025-05-12 13:36:20.103009,1,SELL,104696.2,0.01,CBROBTCxstrata1x881
2025-05-12 13:36:20.103017,1,BUY,103696.2,0.01,CBROBTCxstrata1x882
2025-05-12 13:36:21.432778,1,SELL,104684.9,0.01,CBROBTCxstrata1x883
2025-05-12 13:36:21.432783,1,BUY,103684.9,0.01,CBROBTCxstrata1x884
2025-05-12 13:36:22.003178,1,SELL,104674.3,0.01,CBROBTCxstrata1x885
2025-05-12 13:36:22.003183,1,BUY,103674.3,0.01,CBROBTCxstrata1x886
2025-05-12 13:36:22.623096,1,SELL,104664.0,0.01,CBROBTCxstrata1x887
2025-05-12 13:36:22.623101,1,BUY,103664.0,0.01,CBROBTCxstrata1x888
2025-05-12 13:36:23.223304,1,SELL,104653.0,0.01,CBROBTCxstrata1x889
2025-05-12 13:36:23.223312,1,BUY,103653.0,0.01,CBROBTCxstrata1x890
2025-05-12 13:36:23.363283,1,SELL,104633.8,0.01,CBROBTCxstrata1x891
2025-05-12 13:36:23.363289,1,BUY,103633.8,0.01,CBROBTCxstrata1x892
2025-05-12 13:36:24.063079,1,SELL,104619.6,0.01,CBROBTCxstrata1x893
2025-05-12 13:36:24.063086,1,BUY,103619.6,0.01,CBROBTCxstrata1x894
2025-05-12 13:36:24.433399,1,SELL,104603.6,0.01,CBROBTCxstrata1x895
2025-05-12 13:36:24.433403,1,BUY,103603.6,0.01,CBROBTCxstrata1x896
2025-05-12 13:36:26.362754,1,SELL,104607.2,0.01,CBROBTCxstrata1x897
2025-05-12 13:36:26.362759,1,BUY,103607.2,0.01,CBROBTCxstrata1x898
2025-05-12 13:36:26.822835,1,SELL,104616.7,0.01,CBROBTCxstrata1x899
2025-05-12 13:36:26.822845,1,BUY,103616.7,0.01,CBROBTCxstrata1x900
2025-05-12 13:36:28.592908,1,SELL,104611.4,0.01,CBROBTCxstrata1x901
2025-05-12 13:36:28.592912,1,BUY,103611.4,0.01,CBROBTCxstrata1x902
2025-05-12 13:36:29.352612,1,SELL,104620.8,0.01,CBROBTCxstrata1x903
2025-05-12 13:36:29.352617,1,BUY,103620.8,0.01,CBROBTCxstrata1x904
2025-05-12 13:36:29.643126,1,SELL,104631.7,0.01,CBROBTCxstrata1x905
2025-05-12 13:36:29.643132,1,BUY,103631.7,0.01,CBROBTCxstrata1x906
2025-05-12 13:36:29.852520,1,SELL,104642.9,0.01,CBROBTCxstrata1x907
2025-05-12 13:36:29.852525,1,BUY,103642.9,0.01,CBROBTCxstrata1x908
2025-05-12 13:36:30.722942,1,SELL,104636.9,0.01,CBROBTCxstrata1x909
2025-05-12 13:36:30.722948,1,BUY,103636.9,0.01,CBROBTCxstrata1x910
2025-05-12 13:36:31.272618,1,SELL,104644.1,0.01,CBROBTCxstrata1x911
2025-05-12 13:36:31.272627,1,BUY,103644.1,0.01,CBROBTCxstrata1x912
2025-05-12 13:36:32.512646,1,SELL,104638.1,0.01,CBROBTCxstrata1x913
2025-05-12 13:36:32.512653,1,BUY,103638.1,0.01,CBROBTCxstrata1x914
2025-05-12 13:36:34.082885,1,SELL,104644.4,0.01,CBROBTCxstrata1x915
2025-05-12 13:36:34.082894,1,BUY,103644.4,0.01,CBROBTCxstrata1x916
2025-05-12 13:36:34.403159,1,SELL,104653.8,0.01,CBROBTCxstrata1x917
2025-05-12 13:36:34.403170,1,BUY,103653.8,0.01,CBROBTCxstrata1x918
2025-05-12 13:36:35.082683,1,SELL,104664.5,0.01,CBROBTCxstrata1x919
2025-05-12 13:36:35.082687,1,BUY,103664.5,0.01,CBROBTCxstrata1x920
2025-05-12 13:36:35.482715,1,SELL,104658.3,0.01,CBROBTCxstrata1x921
2025-05-12 13:36:35.482719,1,BUY,103658.3,0.01,CBROBTCxstrata1x922
2025-05-12 13:36:37.503391,1,SELL,104644.3,0.01,CBROBTCxstrata1x923
2025-05-12 13:36:37.503397,1,BUY,103644.3,0.01,CBROBTCxstrata1x924
2025-05-12 13:36:37.633499,1,SELL,104627.0,0.01,CBROBTCxstrata1x925
2025-05-12 13:36:37.633506,1,BUY,103627.0,0.01,CBROBTCxstrata1x926
2025-05-12 13:36:40.512816,1,SELL,104612.4,0.01,CBROBTCxstrata1x927
2025-05-12 13:36:40.512823,1,BUY,103612.4,0.01,CBROBTCxstrata1x928
2025-05-12 13:36:42.663515,1,SELL,104599.6,0.01,CBROBTCxstrata1x929
2025-05-12 13:36:42.663519,1,BUY,103599.6,0.01,CBROBTCxstrata1x930
2025-05-12 13:36:43.412769,1,SELL,104585.0,0.01,CBROBTCxstrata1x931
2025-05-12 13:36:43.412775,1,BUY,103585.0,0.01,CBROBTCxstrata1x932
2025-05-12 13:36:45.772807,1,SELL,104572.5,0.01,CBROBTCxstrata1x933
2025-05-12 13:36:45.772813,1,BUY,103572.5,0.01,CBROBTCxstrata1x934
2025-05-12 13:36:47.283081,1,SELL,104561.0,0.01,CBROBTCxstrata1x935
2025-05-12 13:36:47.283087,1,BUY,103561.0,0.01,CBROBTCxstrata1x936
2025-05-12 13:36:48.452824,1,SELL,104565.7,0.01,CBROBTCxstrata1x937
2025-05-12 13:36:48.452828,1,BUY,103565.7,0.01,CBROBTCxstrata1x938
2025-05-12 13:36:48.582895,1,SELL,104583.9,0.01,CBROBTCxstrata1x939
2025-05-12 13:36:48.582903,1,BUY,103583.9,0.01,CBROBTCxstrata1x940
2025-05-12 13:36:50.312775,1,SELL,104599.6,0.01,CBROBTCxstrata1x941
2025-05-12 13:36:50.312784,1,BUY,103599.6,0.01,CBROBTCxstrata1x942
2025-05-12 13:36:51.232655,1,SELL,104595.5,0.01,CBROBTCxstrata1x943
2025-05-12 13:36:51.232664,1,BUY,103595.5,0.01,CBROBTCxstrata1x944
2025-05-12 13:36:51.893076,1,SELL,104586.3,0.01,CBROBTCxstrata1x945
2025-05-12 13:36:51.893083,1,BUY,103586.3,0.01,CBROBTCxstrata1x946
2025-05-12 13:36:54.262849,1,SELL,104592.4,0.01,CBROBTCxstrata1x947
2025-05-12 13:36:54.262855,1,BUY,103592.4,0.01,CBROBTCxstrata1x948
2025-05-12 13:36:54.412639,1,SELL,104601.8,0.01,CBROBTCxstrata1x949
2025-05-12 13:36:54.412645,1,BUY,103601.8,0.01,CBROBTCxstrata1x950
2025-05-12 13:36:57.793014,1,SELL,104613.7,0.01,CBROBTCxstrata1x951
2025-05-12 13:36:57.793020,1,BUY,103613.7,0.01,CBROBTCxstrata1x952
2025-05-12 13:36:59.336534,1,SELL,104602.6,0.01,CBROBTCxstrata1x953
2025-05-12 13:36:59.336541,1,BUY,103602.6,0.01,CBROBTCxstrata1x954
2025-05-12 13:37:01.562771,1,SELL,104588.7,0.01,CBROBTCxstrata1x955
2025-05-12 13:37:01.562779,1,BUY,103588.7,0.01,CBROBTCxstrata1x956
2025-05-12 13:37:03.542970,1,SELL,104577.7,0.01,CBROBTCxstrata1x957
2025-05-12 13:37:03.542975,1,BUY,103577.7,0.01,CBROBTCxstrata1x958
2025-05-12 13:37:04.062984,1,SELL,104583.2,0.01,CBROBTCxstrata1x959
2025-05-12 13:37:04.062989,1,BUY,103583.2,0.01,CBROBTCxstrata1x960
2025-05-12 13:37:04.212672,1,SELL,104593.0,0.01,CBROBTCxstrata1x961
2025-05-12 13:37:04.212678,1,BUY,103593.0,0.01,CBROBTCxstrata1x962
2025-05-12 13:37:04.442535,1,SELL,104587.8,0.01,CBROBTCxstrata1x963
2025-05-12 13:37:04.442539,1,BUY,103587.8,0.01,CBROBTCxstrata1x964
2025-05-12 13:37:05.062710,1,SELL,104577.6,0.01,CBROBTCxstrata1x965
2025-05-12 13:37:05.062717,1,BUY,103577.6,0.01,CBROBTCxstrata1x966
2025-05-12 13:37:05.882914,1,SELL,104589.5,0.01,CBROBTCxstrata1x967
2025-05-12 13:37:05.882921,1,BUY,103589.5,0.01,CBROBTCxstrata1x968
2025-05-12 13:37:06.263903,1,SELL,104603.3,0.01,CBROBTCxstrata1x969
2025-05-12 13:37:06.263911,1,BUY,103603.3,0.01,CBROBTCxstrata1x970
2025-05-12 13:37:06.673039,1,SELL,104618.6,0.01,CBROBTCxstrata1x971
2025-05-12 13:37:06.673044,1,BUY,103618.6,0.01,CBROBTCxstrata1x972
2025-05-12 13:37:06.803316,1,SELL,104631.9,0.01,CBROBTCxstrata1x973
2025-05-12 13:37:06.803323,1,BUY,103631.9,0.01,CBROBTCxstrata1x974
2025-05-12 13:37:07.882742,1,SELL,104627.5,0.01,CBROBTCxstrata1x975
2025-05-12 13:37:07.882750,1,BUY,103627.5,0.01,CBROBTCxstrata1x976
2025-05-12 13:37:08.712935,1,SELL,104619.0,0.01,CBROBTCxstrata1x977
2025-05-12 13:37:08.712943,1,BUY,103619.0,0.01,CBROBTCxstrata1x978
2025-05-12 13:37:10.922525,1,SELL,104631.5,0.01,CBROBTCxstrata1x979
2025-05-12 13:37:10.922539,1,BUY,103631.5,0.01,CBROBTCxstrata1x980
2025-05-12 13:37:11.147566,1,SELL,104642.8,0.01,CBROBTCxstrata1x981
2025-05-12 13:37:11.147572,1,BUY,103642.8,0.01,CBROBTCxstrata1x982
2025-05-12 13:37:13.883138,1,SELL,104636.7,0.01,CBROBTCxstrata1x983
2025-05-12 13:37:13.883143,1,BUY,103636.7,0.01,CBROBTCxstrata1x984
2025-05-12 13:37:14.482356,1,SELL,104650.0,0.01,CBROBTCxstrata1x985
2025-05-12 13:37:14.482360,1,BUY,103650.0,0.01,CBROBTCxstrata1x986
2025-05-12 13:37:14.652702,1,SELL,104645.0,0.01,CBROBTCxstrata1x987
2025-05-12 13:37:14.652707,1,BUY,103645.0,0.01,CBROBTCxstrata1x988
2025-05-12 13:37:14.952716,1,SELL,104634.6,0.01,CBROBTCxstrata1x989
2025-05-12 13:37:14.952720,1,BUY,103634.6,0.01,CBROBTCxstrata1x990
2025-05-12 13:37:15.092725,1,SELL,104623.7,0.01,CBROBTCxstrata1x991
2025-05-12 13:37:15.092729,1,BUY,103623.7,0.01,CBROBTCxstrata1x992
2025-05-12 13:37:16.372829,1,SELL,104632.7,0.01,CBROBTCxstrata1x993
2025-05-12 13:37:16.372837,1,BUY,103632.7,0.01,CBROBTCxstrata1x994
2025-05-12 13:37:16.712652,1,SELL,104644.6,0.01,CBROBTCxstrata1x995
2025-05-12 13:37:16.712659,1,BUY,103644.6,0.01,CBROBTCxstrata1x996
2025-05-12 13:37:18.194237,1,SELL,104655.3,0.01,CBROBTCxstrata1x997
2025-05-12 13:37:18.194243,1,BUY,103655.3,0.01,CBROBTCxstrata1x998
2025-05-12 13:37:18.329169,1,SELL,104670.7,0.01,CBROBTCxstrata1x999
2025-05-12 13:37:18.329174,1,BUY,103670.7,0.01,CBROBTCxstrata1x1000
2025-05-12 13:37:18.552960,1,SELL,104682.1,0.01,CBROBTCxstrata1x1001
2025-05-12 13:37:18.552965,1,BUY,103682.1,0.01,CBROBTCxstrata1x1002
2025-05-12 13:37:19.473067,1,SELL,104694.9,0.01,CBROBTCxstrata1x1003
2025-05-12 13:37:19.473075,1,BUY,103694.9,0.01,CBROBTCxstrata1x1004
2025-05-12 13:37:21.145916,1,SELL,104711.8,0.01,CBROBTCxstrata1x1005
2025-05-12 13:37:21.145921,1,BUY,103711.8,0.01,CBROBTCxstrata1x1006
2025-05-12 13:37:21.403493,1,SELL,104723.7,0.01,CBROBTCxstrata1x1007
2025-05-12 13:37:21.403498,1,BUY,103723.7,0.01,CBROBTCxstrata1x1008
2025-05-12 13:37:22.572516,1,SELL,104719.1,0.01,CBROBTCxstrata1x1009
2025-05-12 13:37:22.572522,1,BUY,103719.1,0.01,CBROBTCxstrata1x1010
2025-05-12 13:37:26.183063,1,SELL,104709.1,0.01,CBROBTCxstrata1x1011
2025-05-12 13:37:26.183071,1,BUY,103709.1,0.01,CBROBTCxstrata1x1012
2025-05-12 13:37:26.893080,1,SELL,104696.3,0.01,CBROBTCxstrata1x1013
2025-05-12 13:37:26.893087,1,BUY,103696.3,0.01,CBROBTCxstrata1x1014
2025-05-12 13:37:27.372665,1,SELL,104684.2,0.01,CBROBTCxstrata1x1015
2025-05-12 13:37:27.372673,1,BUY,103684.2,0.01,CBROBTCxstrata1x1016
2025-05-12 13:37:28.673029,1,SELL,104672.7,0.01,CBROBTCxstrata1x1017
2025-05-12 13:37:28.673034,1,BUY,103672.7,0.01,CBROBTCxstrata1x1018
2025-05-12 13:37:30.352932,1,SELL,104661.7,0.01,CBROBTCxstrata1x1019
2025-05-12 13:37:30.352936,1,BUY,103661.7,0.01,CBROBTCxstrata1x1020
2025-05-12 13:37:30.723002,1,SELL,104648.7,0.01,CBROBTCxstrata1x1021
2025-05-12 13:37:30.723006,1,BUY,103648.7,0.01,CBROBTCxstrata1x1022
2025-05-12 13:37:31.952938,1,SELL,104653.2,0.01,CBROBTCxstrata1x1023
2025-05-12 13:37:31.952945,1,BUY,103653.2,0.01,CBROBTCxstrata1x1024
2025-05-12 13:37:32.112973,1,SELL,104664.3,0.01,CBROBTCxstrata1x1025
2025-05-12 13:37:32.112979,1,BUY,103664.3,0.01,CBROBTCxstrata1x1026
2025-05-12 13:37:32.773235,1,SELL,104675.9,0.01,CBROBTCxstrata1x1027
2025-05-12 13:37:32.773241,1,BUY,103675.9,0.01,CBROBTCxstrata1x1028
2025-05-12 13:37:33.193015,1,SELL,104688.7,0.01,CBROBTCxstrata1x1029
2025-05-12 13:37:33.193022,1,BUY,103688.7,0.01,CBROBTCxstrata1x1030
2025-05-12 13:37:35.272776,1,SELL,104703.6,0.01,CBROBTCxstrata1x1031
2025-05-12 13:37:35.272782,1,BUY,103703.6,0.01,CBROBTCxstrata1x1032
2025-05-12 13:37:36.112561,1,SELL,104696.5,0.01,CBROBTCxstrata1x1033
2025-05-12 13:37:36.112565,1,BUY,103696.5,0.01,CBROBTCxstrata1x1034
2025-05-12 13:37:36.572752,1,SELL,104702.5,0.01,CBROBTCxstrata1x1035
2025-05-12 13:37:36.572756,1,BUY,103702.5,0.01,CBROBTCxstrata1x1036
2025-05-12 13:37:42.922842,1,SELL,104714.3,0.01,CBROBTCxstrata1x1037
2025-05-12 13:37:42.922870,1,BUY,103714.3,0.01,CBROBTCxstrata1x1038
2025-05-12 13:37:43.062806,1,SELL,104731.3,0.01,CBROBTCxstrata1x1039
2025-05-12 13:37:43.062811,1,BUY,103731.3,0.01,CBROBTCxstrata1x1040
2025-05-12 13:37:43.272586,1,SELL,104727.5,0.01,CBROBTCxstrata1x1041
2025-05-12 13:37:43.272596,1,BUY,103727.5,0.01,CBROBTCxstrata1x1042
2025-05-12 13:37:44.352894,1,SELL,104717.3,0.01,CBROBTCxstrata1x1043
2025-05-12 13:37:44.352900,1,BUY,103717.3,0.01,CBROBTCxstrata1x1044
2025-05-12 13:37:45.862954,1,SELL,104704.5,0.01,CBROBTCxstrata1x1045
2025-05-12 13:37:45.862958,1,BUY,103704.5,0.01,CBROBTCxstrata1x1046
2025-05-12 13:37:47.142664,1,SELL,104709.0,0.01,CBROBTCxstrata1x1047
2025-05-12 13:37:47.142670,1,BUY,103709.0,0.01,CBROBTCxstrata1x1048
2025-05-12 13:37:48.183657,1,SELL,104702.3,0.01,CBROBTCxstrata1x1049
2025-05-12 13:37:48.183665,1,BUY,103702.3,0.01,CBROBTCxstrata1x1050
2025-05-12 13:37:48.332725,1,SELL,104692.3,0.01,CBROBTCxstrata1x1051
2025-05-12 13:37:48.332734,1,BUY,103692.3,0.01,CBROBTCxstrata1x1052
2025-05-12 13:37:51.193224,1,SELL,104680.8,0.01,CBROBTCxstrata1x1053
2025-05-12 13:37:51.193232,1,BUY,103680.8,0.01,CBROBTCxstrata1x1054
2025-05-12 13:37:51.512715,1,SELL,104669.9,0.01,CBROBTCxstrata1x1055
2025-05-12 13:37:51.512723,1,BUY,103669.9,0.01,CBROBTCxstrata1x1056
2025-05-12 13:37:52.582730,1,SELL,104674.9,0.01,CBROBTCxstrata1x1057
2025-05-12 13:37:52.582738,1,BUY,103674.9,0.01,CBROBTCxstrata1x1058
2025-05-12 13:37:56.132606,1,SELL,104667.6,0.01,CBROBTCxstrata1x1059
2025-05-12 13:37:56.132614,1,BUY,103667.6,0.01,CBROBTCxstrata1x1060
2025-05-12 13:37:56.622915,1,SELL,104657.9,0.01,CBROBTCxstrata1x1061
2025-05-12 13:37:56.622922,1,BUY,103657.9,0.01,CBROBTCxstrata1x1062
2025-05-12 13:37:57.142651,1,SELL,104645.8,0.01,CBROBTCxstrata1x1063
2025-05-12 13:37:57.142658,1,BUY,103645.8,0.01,CBROBTCxstrata1x1064
2025-05-12 13:37:57.283480,1,SELL,104634.5,0.01,CBROBTCxstrata1x1065
2025-05-12 13:37:57.283486,1,BUY,103634.5,0.01,CBROBTCxstrata1x1066
2025-05-12 13:38:00.412678,1,SELL,104640.0,0.01,CBROBTCxstrata1x1067
2025-05-12 13:38:00.412683,1,BUY,103640.0,0.01,CBROBTCxstrata1x1068
2025-05-12 13:38:00.542983,1,SELL,104654.7,0.01,CBROBTCxstrata1x1069
2025-05-12 13:38:00.542990,1,BUY,103654.7,0.01,CBROBTCxstrata1x1070
2025-05-12 13:38:01.252804,1,SELL,104668.1,0.01,CBROBTCxstrata1x1071
2025-05-12 13:38:01.252808,1,BUY,103668.1,0.01,CBROBTCxstrata1x1072
2025-05-12 13:38:01.922643,1,SELL,104679.3,0.01,CBROBTCxstrata1x1073
2025-05-12 13:38:01.922652,1,BUY,103679.3,0.01,CBROBTCxstrata1x1074
2025-05-12 13:38:02.252922,1,SELL,104669.7,0.01,CBROBTCxstrata1x1075
2025-05-12 13:38:02.252926,1,BUY,103669.7,0.01,CBROBTCxstrata1x1076
2025-05-12 13:38:02.392720,1,SELL,104654.2,0.01,CBROBTCxstrata1x1077
2025-05-12 13:38:02.392725,1,BUY,103654.2,0.01,CBROBTCxstrata1x1078
2025-05-12 13:38:02.703632,1,SELL,104639.9,0.01,CBROBTCxstrata1x1079
2025-05-12 13:38:02.703640,1,BUY,103639.9,0.01,CBROBTCxstrata1x1080
2025-05-12 13:38:03.062902,1,SELL,104628.0,0.01,CBROBTCxstrata1x1081
2025-05-12 13:38:03.062906,1,BUY,103628.0,0.01,CBROBTCxstrata1x1082
2025-05-12 13:38:04.312537,1,SELL,104615.9,0.01,CBROBTCxstrata1x1083
2025-05-12 13:38:04.312543,1,BUY,103615.9,0.01,CBROBTCxstrata1x1084
2025-05-12 13:38:04.732701,1,SELL,104621.5,0.01,CBROBTCxstrata1x1085
2025-05-12 13:38:04.732707,1,BUY,103621.5,0.01,CBROBTCxstrata1x1086
2025-05-12 13:38:06.042717,1,SELL,104615.1,0.01,CBROBTCxstrata1x1087
2025-05-12 13:38:06.042724,1,BUY,103615.1,0.01,CBROBTCxstrata1x1088
2025-05-12 13:38:07.483237,1,SELL,104605.6,0.01,CBROBTCxstrata1x1089
2025-05-12 13:38:07.483247,1,BUY,103605.6,0.01,CBROBTCxstrata1x1090
2025-05-12 13:38:07.622902,1,SELL,104592.2,0.01,CBROBTCxstrata1x1091
2025-05-12 13:38:07.622907,1,BUY,103592.2,0.01,CBROBTCxstrata1x1092
2025-05-12 13:38:07.882540,1,SELL,104580.1,0.01,CBROBTCxstrata1x1093
2025-05-12 13:38:07.882553,1,BUY,103580.1,0.01,CBROBTCxstrata1x1094
2025-05-12 13:38:10.542743,1,SELL,104566.5,0.01,CBROBTCxstrata1x1095
2025-05-12 13:38:10.542749,1,BUY,103566.5,0.01,CBROBTCxstrata1x1096
2025-05-12 13:38:10.982605,1,SELL,104552.2,0.01,CBROBTCxstrata1x1097
2025-05-12 13:38:10.982610,1,BUY,103552.2,0.01,CBROBTCxstrata1x1098
2025-05-12 13:38:12.153702,1,SELL,104557.0,0.01,CBROBTCxstrata1x1099
2025-05-12 13:38:12.153706,1,BUY,103557.0,0.01,CBROBTCxstrata1x1100
2025-05-12 13:38:12.662909,1,SELL,104568.2,0.01,CBROBTCxstrata1x1101
2025-05-12 13:38:12.662917,1,BUY,103568.2,0.01,CBROBTCxstrata1x1102
2025-05-12 13:38:14.382771,1,SELL,104562.1,0.01,CBROBTCxstrata1x1103
2025-05-12 13:38:14.382776,1,BUY,103562.1,0.01,CBROBTCxstrata1x1104
2025-05-12 13:38:15.502714,1,SELL,104551.6,0.01,CBROBTCxstrata1x1105
2025-05-12 13:38:15.502719,1,BUY,103551.6,0.01,CBROBTCxstrata1x1106
2025-05-12 13:38:15.682985,1,SELL,104540.3,0.01,CBROBTCxstrata1x1107
2025-05-12 13:38:15.682992,1,BUY,103540.3,0.01,CBROBTCxstrata1x1108
2025-05-12 13:38:15.862994,1,SELL,104529.9,0.01,CBROBTCxstrata1x1109
2025-05-12 13:38:15.863001,1,BUY,103529.9,0.01,CBROBTCxstrata1x1110
2025-05-12 13:38:18.552888,1,SELL,104537.4,0.01,CBROBTCxstrata1x1111
2025-05-12 13:38:18.552894,1,BUY,103537.4,0.01,CBROBTCxstrata1x1112
2025-05-12 13:38:20.312889,1,SELL,104531.2,0.01,CBROBTCxstrata1x1113
2025-05-12 13:38:20.312894,1,BUY,103531.2,0.01,CBROBTCxstrata1x1114
2025-05-12 13:38:24.482910,1,SELL,104537.3,0.01,CBROBTCxstrata1x1115
2025-05-12 13:38:24.482915,1,BUY,103537.3,0.01,CBROBTCxstrata1x1116
2025-05-12 13:38:25.884568,1,SELL,104548.2,0.01,CBROBTCxstrata1x1117
2025-05-12 13:38:25.884577,1,BUY,103548.2,0.01,CBROBTCxstrata1x1118
2025-05-12 13:38:28.903715,1,SELL,104543.3,0.01,CBROBTCxstrata1x1119
2025-05-12 13:38:28.903721,1,BUY,103543.3,0.01,CBROBTCxstrata1x1120
2025-05-12 13:38:30.643431,1,SELL,104551.9,0.01,CBROBTCxstrata1x1121
2025-05-12 13:38:30.643436,1,BUY,103551.9,0.01,CBROBTCxstrata1x1122
2025-05-12 13:38:31.622959,1,SELL,104545.1,0.01,CBROBTCxstrata1x1123
2025-05-12 13:38:31.622966,1,BUY,103545.1,0.01,CBROBTCxstrata1x1124
2025-05-12 13:38:33.782908,1,SELL,104533.7,0.01,CBROBTCxstrata1x1125
2025-05-12 13:38:33.782914,1,BUY,103533.7,0.01,CBROBTCxstrata1x1126
2025-05-12 13:38:37.062846,1,SELL,104522.1,0.01,CBROBTCxstrata1x1127
2025-05-12 13:38:37.062853,1,BUY,103522.1,0.01,CBROBTCxstrata1x1128
2025-05-12 13:38:38.542636,1,SELL,104510.9,0.01,CBROBTCxstrata1x1129
2025-05-12 13:38:38.542645,1,BUY,103510.9,0.01,CBROBTCxstrata1x1130
2025-05-12 13:38:40.483408,1,SELL,104499.1,0.01,CBROBTCxstrata1x1131
2025-05-12 13:38:40.483412,1,BUY,103499.1,0.01,CBROBTCxstrata1x1132
2025-05-12 13:38:41.442984,1,SELL,104485.8,0.01,CBROBTCxstrata1x1133
2025-05-12 13:38:41.442990,1,BUY,103485.8,0.01,CBROBTCxstrata1x1134
2025-05-12 13:38:43.684723,1,SELL,104471.0,0.01,CBROBTCxstrata1x1135
2025-05-12 13:38:43.684729,1,BUY,103471.0,0.01,CBROBTCxstrata1x1136
2025-05-12 13:38:44.122764,1,SELL,104459.2,0.01,CBROBTCxstrata1x1137
2025-05-12 13:38:44.122769,1,BUY,103459.2,0.01,CBROBTCxstrata1x1138
2025-05-12 13:38:45.973043,1,SELL,104464.8,0.01,CBROBTCxstrata1x1139
2025-05-12 13:38:45.973050,1,BUY,103464.8,0.01,CBROBTCxstrata1x1140
2025-05-12 13:38:46.242990,1,SELL,104475.7,0.01,CBROBTCxstrata1x1141
2025-05-12 13:38:46.242995,1,BUY,103475.7,0.01,CBROBTCxstrata1x1142
2025-05-12 13:38:46.405064,1,SELL,104469.9,0.01,CBROBTCxstrata1x1143
2025-05-12 13:38:46.405076,1,BUY,103469.9,0.01,CBROBTCxstrata1x1144
2025-05-12 13:38:48.883092,1,SELL,104476.4,0.01,CBROBTCxstrata1x1145
2025-05-12 13:38:48.883098,1,BUY,103476.4,0.01,CBROBTCxstrata1x1146
2025-05-12 13:38:50.703381,1,SELL,104488.3,0.01,CBROBTCxstrata1x1147
2025-05-12 13:38:50.703388,1,BUY,103488.3,0.01,CBROBTCxstrata1x1148
2025-05-12 13:38:51.952783,1,SELL,104483.7,0.01,CBROBTCxstrata1x1149
2025-05-12 13:38:51.952793,1,BUY,103483.7,0.01,CBROBTCxstrata1x1150
2025-05-12 13:38:52.783078,1,SELL,104491.4,0.01,CBROBTCxstrata1x1151
2025-05-12 13:38:52.783083,1,BUY,103491.4,0.01,CBROBTCxstrata1x1152
2025-05-12 13:38:53.523370,1,SELL,104485.9,0.01,CBROBTCxstrata1x1153
2025-05-12 13:38:53.523377,1,BUY,103485.9,0.01,CBROBTCxstrata1x1154
2025-05-12 13:38:54.152690,1,SELL,104476.3,0.01,CBROBTCxstrata1x1155
2025-05-12 13:38:54.152694,1,BUY,103476.3,0.01,CBROBTCxstrata1x1156
2025-05-12 13:38:56.922994,1,SELL,104465.8,0.01,CBROBTCxstrata1x1157
2025-05-12 13:38:56.922999,1,BUY,103465.8,0.01,CBROBTCxstrata1x1158
2025-05-12 13:38:57.783073,1,SELL,104454.1,0.01,CBROBTCxstrata1x1159
2025-05-12 13:38:57.783081,1,BUY,103454.1,0.01,CBROBTCxstrata1x1160
2025-05-12 13:38:57.922807,1,SELL,104436.5,0.01,CBROBTCxstrata1x1161
2025-05-12 13:38:57.922812,1,BUY,103436.5,0.01,CBROBTCxstrata1x1162
2025-05-12 13:39:00.162858,1,SELL,104439.8,0.01,CBROBTCxstrata1x1163
2025-05-12 13:39:00.162864,1,BUY,103439.8,0.01,CBROBTCxstrata1x1164
2025-05-12 13:39:02.533115,1,SELL,104429.9,0.01,CBROBTCxstrata1x1165
2025-05-12 13:39:02.533122,1,BUY,103429.9,0.01,CBROBTCxstrata1x1166
2025-05-12 13:39:02.722909,1,SELL,104419.9,0.01,CBROBTCxstrata1x1167
2025-05-12 13:39:02.722916,1,BUY,103419.9,0.01,CBROBTCxstrata1x1168
2025-05-12 13:39:03.103219,1,SELL,104409.5,0.01,CBROBTCxstrata1x1169
2025-05-12 13:39:03.103225,1,BUY,103409.5,0.01,CBROBTCxstrata1x1170
2025-05-12 13:39:03.242844,1,SELL,104395.2,0.01,CBROBTCxstrata1x1171
2025-05-12 13:39:03.242849,1,BUY,103395.2,0.01,CBROBTCxstrata1x1172
2025-05-12 13:39:05.132882,1,SELL,104383.9,0.01,CBROBTCxstrata1x1173
2025-05-12 13:39:05.132890,1,BUY,103383.9,0.01,CBROBTCxstrata1x1174
2025-05-12 13:39:05.855560,1,SELL,104373.3,0.01,CBROBTCxstrata1x1175
2025-05-12 13:39:05.855566,1,BUY,103373.3,0.01,CBROBTCxstrata1x1176
2025-05-12 13:39:06.782890,1,SELL,104360.7,0.01,CBROBTCxstrata1x1177
2025-05-12 13:39:06.782896,1,BUY,103360.7,0.01,CBROBTCxstrata1x1178
2025-05-12 13:39:10.733937,1,SELL,104350.0,0.01,CBROBTCxstrata1x1179
2025-05-12 13:39:10.733945,1,BUY,103350.0,0.01,CBROBTCxstrata1x1180
2025-05-12 13:39:12.675693,1,SELL,104356.6,0.01,CBROBTCxstrata1x1181
2025-05-12 13:39:12.675697,1,BUY,103356.6,0.01,CBROBTCxstrata1x1182
2025-05-12 13:39:12.809436,1,SELL,104373.6,0.01,CBROBTCxstrata1x1183
2025-05-12 13:39:12.809442,1,BUY,103373.6,0.01,CBROBTCxstrata1x1184
2025-05-12 13:39:13.382681,1,SELL,104369.8,0.01,CBROBTCxstrata1x1185
2025-05-12 13:39:13.382688,1,BUY,103369.8,0.01,CBROBTCxstrata1x1186
2025-05-12 13:39:13.512885,1,SELL,104358.8,0.01,CBROBTCxstrata1x1187
2025-05-12 13:39:13.512889,1,BUY,103358.8,0.01,CBROBTCxstrata1x1188
2025-05-12 13:39:13.703114,1,SELL,104348.2,0.01,CBROBTCxstrata1x1189
2025-05-12 13:39:13.703120,1,BUY,103348.2,0.01,CBROBTCxstrata1x1190
2025-05-12 13:39:15.562794,1,SELL,104353.2,0.01,CBROBTCxstrata1x1191
2025-05-12 13:39:15.562799,1,BUY,103353.2,0.01,CBROBTCxstrata1x1192
2025-05-12 13:39:16.272983,1,SELL,104368.7,0.01,CBROBTCxstrata1x1193
2025-05-12 13:39:16.272990,1,BUY,103368.7,0.01,CBROBTCxstrata1x1194
2025-05-12 13:39:16.617109,1,SELL,104364.6,0.01,CBROBTCxstrata1x1195
2025-05-12 13:39:16.617114,1,BUY,103364.6,0.01,CBROBTCxstrata1x1196
2025-05-12 13:39:16.752568,1,SELL,104355.8,0.01,CBROBTCxstrata1x1197
2025-05-12 13:39:16.752577,1,BUY,103355.8,0.01,CBROBTCxstrata1x1198
2025-05-12 13:39:17.652557,1,SELL,104364.9,0.01,CBROBTCxstrata1x1199
2025-05-12 13:39:17.652565,1,BUY,103364.9,0.01,CBROBTCxstrata1x1200
2025-05-12 13:39:17.882680,1,SELL,104356.8,0.01,CBROBTCxstrata1x1201
2025-05-12 13:39:17.882688,1,BUY,103356.8,0.01,CBROBTCxstrata1x1202
2025-05-12 13:39:18.394163,1,SELL,104364.7,0.01,CBROBTCxstrata1x1203
2025-05-12 13:39:18.394169,1,BUY,103364.7,0.01,CBROBTCxstrata1x1204
2025-05-12 13:39:20.052945,1,SELL,104356.8,0.01,CBROBTCxstrata1x1205
2025-05-12 13:39:20.052954,1,BUY,103356.8,0.01,CBROBTCxstrata1x1206
2025-05-12 13:39:21.892749,1,SELL,104369.9,0.01,CBROBTCxstrata1x1207
2025-05-12 13:39:21.892759,1,BUY,103369.9,0.01,CBROBTCxstrata1x1208
2025-05-12 13:39:27.893024,1,SELL,104364.1,0.01,CBROBTCxstrata1x1209
2025-05-12 13:39:27.893032,1,BUY,103364.1,0.01,CBROBTCxstrata1x1210
2025-05-12 13:39:30.913041,1,SELL,104371.2,0.01,CBROBTCxstrata1x1211
2025-05-12 13:39:30.913064,1,BUY,103371.2,0.01,CBROBTCxstrata1x1212
2025-05-12 13:39:32.603213,1,SELL,104383.9,0.01,CBROBTCxstrata1x1213
2025-05-12 13:39:32.603219,1,BUY,103383.9,0.01,CBROBTCxstrata1x1214
2025-05-12 13:39:33.132852,1,SELL,104395.7,0.01,CBROBTCxstrata1x1215
2025-05-12 13:39:33.132865,1,BUY,103395.7,0.01,CBROBTCxstrata1x1216
2025-05-12 13:39:33.672780,1,SELL,104389.3,0.01,CBROBTCxstrata1x1217
2025-05-12 13:39:33.672784,1,BUY,103389.3,0.01,CBROBTCxstrata1x1218
2025-05-12 13:39:36.652781,1,SELL,104395.7,0.01,CBROBTCxstrata1x1219
2025-05-12 13:39:36.652786,1,BUY,103395.7,0.01,CBROBTCxstrata1x1220
2025-05-12 13:39:37.193096,1,SELL,104405.0,0.01,CBROBTCxstrata1x1221
2025-05-12 13:39:37.193104,1,BUY,103405.0,0.01,CBROBTCxstrata1x1222
2025-05-12 13:39:37.652904,1,SELL,104398.6,0.01,CBROBTCxstrata1x1223
2025-05-12 13:39:37.652912,1,BUY,103398.6,0.01,CBROBTCxstrata1x1224
2025-05-12 13:39:42.823504,1,SELL,104386.2,0.01,CBROBTCxstrata1x1225
2025-05-12 13:39:42.823509,1,BUY,103386.2,0.01,CBROBTCxstrata1x1226
2025-05-12 13:39:43.502933,1,SELL,104375.4,0.01,CBROBTCxstrata1x1227
2025-05-12 13:39:43.502939,1,BUY,103375.4,0.01,CBROBTCxstrata1x1228
2025-05-12 13:39:46.113259,1,SELL,104383.3,0.01,CBROBTCxstrata1x1229
2025-05-12 13:39:46.113265,1,BUY,103383.3,0.01,CBROBTCxstrata1x1230
2025-05-12 13:39:46.982832,1,SELL,104394.1,0.01,CBROBTCxstrata1x1231
2025-05-12 13:39:46.982838,1,BUY,103394.1,0.01,CBROBTCxstrata1x1232
2025-05-12 13:39:47.613409,1,SELL,104404.6,0.01,CBROBTCxstrata1x1233
2025-05-12 13:39:47.613416,1,BUY,103404.6,0.01,CBROBTCxstrata1x1234
2025-05-12 13:39:48.382612,1,SELL,104398.2,0.01,CBROBTCxstrata1x1235
2025-05-12 13:39:48.382617,1,BUY,103398.2,0.01,CBROBTCxstrata1x1236
2025-05-12 13:39:49.482815,1,SELL,104407.0,0.01,CBROBTCxstrata1x1237
2025-05-12 13:39:49.482822,1,BUY,103407.0,0.01,CBROBTCxstrata1x1238
2025-05-12 13:39:49.613066,1,SELL,104417.3,0.01,CBROBTCxstrata1x1239
2025-05-12 13:39:49.613073,1,BUY,103417.3,0.01,CBROBTCxstrata1x1240
2025-05-12 13:39:52.852899,1,SELL,104410.4,0.01,CBROBTCxstrata1x1241
2025-05-12 13:39:52.852911,1,BUY,103410.4,0.01,CBROBTCxstrata1x1242
2025-05-12 13:39:53.683199,1,SELL,104401.1,0.01,CBROBTCxstrata1x1243
2025-05-12 13:39:53.683204,1,BUY,103401.1,0.01,CBROBTCxstrata1x1244
2025-05-12 13:39:58.733086,1,SELL,104407.6,0.01,CBROBTCxstrata1x1245
2025-05-12 13:39:58.733094,1,BUY,103407.6,0.01,CBROBTCxstrata1x1246
2025-05-12 13:39:59.583226,1,SELL,104416.8,0.01,CBROBTCxstrata1x1247
2025-05-12 13:39:59.583236,1,BUY,103416.8,0.01,CBROBTCxstrata1x1248
2025-05-12 13:40:00.323193,1,SELL,104410.3,0.01,CBROBTCxstrata1x1249
2025-05-12 13:40:00.323198,1,BUY,103410.3,0.01,CBROBTCxstrata1x1250
2025-05-12 13:40:01.652969,1,SELL,104417.5,0.01,CBROBTCxstrata1x1251
2025-05-12 13:40:01.652973,1,BUY,103417.5,0.01,CBROBTCxstrata1x1252
2025-05-12 13:40:02.462882,1,SELL,104427.8,0.01,CBROBTCxstrata1x1253
2025-05-12 13:40:02.462891,1,BUY,103427.8,0.01,CBROBTCxstrata1x1254
2025-05-12 13:40:04.242924,1,SELL,104438.4,0.01,CBROBTCxstrata1x1255
2025-05-12 13:40:04.242931,1,BUY,103438.4,0.01,CBROBTCxstrata1x1256
2025-05-12 13:40:07.673121,1,SELL,104450.6,0.01,CBROBTCxstrata1x1257
2025-05-12 13:40:07.673127,1,BUY,103450.6,0.01,CBROBTCxstrata1x1258
2025-05-12 13:40:07.803984,1,SELL,104465.4,0.01,CBROBTCxstrata1x1259
2025-05-12 13:40:07.803989,1,BUY,103465.4,0.01,CBROBTCxstrata1x1260
2025-05-12 13:40:08.072653,1,SELL,104479.8,0.01,CBROBTCxstrata1x1261
2025-05-12 13:40:08.072658,1,BUY,103479.8,0.01,CBROBTCxstrata1x1262
2025-05-12 13:40:09.573419,1,SELL,104491.2,0.01,CBROBTCxstrata1x1263
2025-05-12 13:40:09.573424,1,BUY,103491.2,0.01,CBROBTCxstrata1x1264
2025-05-12 13:40:10.633266,1,SELL,104504.8,0.01,CBROBTCxstrata1x1265
2025-05-12 13:40:10.633283,1,BUY,103504.8,0.01,CBROBTCxstrata1x1266
2025-05-12 13:40:11.932869,1,SELL,104499.2,0.01,CBROBTCxstrata1x1267
2025-05-12 13:40:11.932878,1,BUY,103499.2,0.01,CBROBTCxstrata1x1268
2025-05-12 13:40:12.133804,1,SELL,104484.1,0.01,CBROBTCxstrata1x1269
2025-05-12 13:40:12.133809,1,BUY,103484.1,0.01,CBROBTCxstrata1x1270
2025-05-12 13:40:13.052881,1,SELL,104489.4,0.01,CBROBTCxstrata1x1271
2025-05-12 13:40:13.052892,1,BUY,103489.4,0.01,CBROBTCxstrata1x1272
2025-05-12 13:40:13.352805,1,SELL,104482.0,0.01,CBROBTCxstrata1x1273
2025-05-12 13:40:13.352811,1,BUY,103482.0,0.01,CBROBTCxstrata1x1274
2025-05-12 13:40:17.043241,1,SELL,104469.8,0.01,CBROBTCxstrata1x1275
2025-05-12 13:40:17.043249,1,BUY,103469.8,0.01,CBROBTCxstrata1x1276
2025-05-12 13:40:17.182547,1,SELL,104456.8,0.01,CBROBTCxstrata1x1277
2025-05-12 13:40:17.182552,1,BUY,103456.8,0.01,CBROBTCxstrata1x1278
2025-05-12 13:40:18.072996,1,SELL,104464.9,0.01,CBROBTCxstrata1x1279
2025-05-12 13:40:18.073001,1,BUY,103464.9,0.01,CBROBTCxstrata1x1280
2025-05-12 13:40:18.513499,1,SELL,104458.3,0.01,CBROBTCxstrata1x1281
2025-05-12 13:40:18.513506,1,BUY,103458.3,0.01,CBROBTCxstrata1x1282
2025-05-12 13:40:18.882944,1,SELL,104448.3,0.01,CBROBTCxstrata1x1283
2025-05-12 13:40:18.882950,1,BUY,103448.3,0.01,CBROBTCxstrata1x1284
2025-05-12 13:40:19.022849,1,SELL,104434.8,0.01,CBROBTCxstrata1x1285
2025-05-12 13:40:19.022853,1,BUY,103434.8,0.01,CBROBTCxstrata1x1286
2025-05-12 13:40:19.603293,1,SELL,104421.2,0.01,CBROBTCxstrata1x1287
2025-05-12 13:40:19.603300,1,BUY,103421.2,0.01,CBROBTCxstrata1x1288
2025-05-12 13:40:19.746409,1,SELL,104409.9,0.01,CBROBTCxstrata1x1289
2025-05-12 13:40:19.746419,1,BUY,103409.9,0.01,CBROBTCxstrata1x1290
2025-05-12 13:40:20.623246,1,SELL,104414.7,0.01,CBROBTCxstrata1x1291
2025-05-12 13:40:20.623252,1,BUY,103414.7,0.01,CBROBTCxstrata1x1292
2025-05-12 13:40:20.832895,1,SELL,104424.0,0.01,CBROBTCxstrata1x1293
2025-05-12 13:40:20.832904,1,BUY,103424.0,0.01,CBROBTCxstrata1x1294
2025-05-12 13:40:21.292898,1,SELL,104434.0,0.01,CBROBTCxstrata1x1295
2025-05-12 13:40:21.292902,1,BUY,103434.0,0.01,CBROBTCxstrata1x1296
2025-05-12 13:40:22.743243,1,SELL,104424.8,0.01,CBROBTCxstrata1x1297
2025-05-12 13:40:22.743248,1,BUY,103424.8,0.01,CBROBTCxstrata1x1298
2025-05-12 13:40:22.873768,1,SELL,104398.3,0.01,CBROBTCxstrata1x1299
2025-05-12 13:40:22.873774,1,BUY,103398.3,0.01,CBROBTCxstrata1x1300
2025-05-12 13:40:24.022843,1,SELL,104402.4,0.01,CBROBTCxstrata1x1301
2025-05-12 13:40:24.022847,1,BUY,103402.4,0.01,CBROBTCxstrata1x1302
2025-05-12 13:40:25.292698,1,SELL,104395.1,0.01,CBROBTCxstrata1x1303
2025-05-12 13:40:25.292706,1,BUY,103395.1,0.01,CBROBTCxstrata1x1304
2025-05-12 13:40:30.941051,1,SELL,104408.6,0.01,CBROBTCxstrata1x1305
2025-05-12 13:40:30.941058,1,BUY,103408.6,0.01,CBROBTCxstrata1x1306
2025-05-12 13:40:31.073234,1,SELL,104432.1,0.01,CBROBTCxstrata1x1307
2025-05-12 13:40:31.073241,1,BUY,103432.1,0.01,CBROBTCxstrata1x1308
2025-05-12 13:40:32.712770,1,SELL,104445.4,0.01,CBROBTCxstrata1x1309
2025-05-12 13:40:32.712777,1,BUY,103445.4,0.01,CBROBTCxstrata1x1310
2025-05-12 13:40:32.852823,1,SELL,104460.1,0.01,CBROBTCxstrata1x1311
2025-05-12 13:40:32.852828,1,BUY,103460.1,0.01,CBROBTCxstrata1x1312
2025-05-12 13:40:33.962925,1,SELL,104473.1,0.01,CBROBTCxstrata1x1313
2025-05-12 13:40:33.962933,1,BUY,103473.1,0.01,CBROBTCxstrata1x1314
2025-05-12 13:40:36.112887,1,SELL,104467.0,0.01,CBROBTCxstrata1x1315
2025-05-12 13:40:36.112893,1,BUY,103467.0,0.01,CBROBTCxstrata1x1316
2025-05-12 13:40:38.852713,1,SELL,104473.2,0.01,CBROBTCxstrata1x1317
2025-05-12 13:40:38.852721,1,BUY,103473.2,0.01,CBROBTCxstrata1x1318
2025-05-12 13:40:39.492733,1,SELL,104482.5,0.01,CBROBTCxstrata1x1319
2025-05-12 13:40:39.492742,1,BUY,103482.5,0.01,CBROBTCxstrata1x1320
2025-05-12 13:40:39.822454,1,SELL,104492.7,0.01,CBROBTCxstrata1x1321
2025-05-12 13:40:39.822461,1,BUY,103492.7,0.01,CBROBTCxstrata1x1322
2025-05-12 13:40:39.982300,1,SELL,104503.0,0.01,CBROBTCxstrata1x1323
2025-05-12 13:40:39.982307,1,BUY,103503.0,0.01,CBROBTCxstrata1x1324
2025-05-12 13:40:41.092695,1,SELL,104497.1,0.01,CBROBTCxstrata1x1325
2025-05-12 13:40:41.092703,1,BUY,103497.1,0.01,CBROBTCxstrata1x1326
2025-05-12 13:40:41.672715,1,SELL,104485.9,0.01,CBROBTCxstrata1x1327
2025-05-12 13:40:41.672721,1,BUY,103485.9,0.01,CBROBTCxstrata1x1328
2025-05-12 13:40:43.403115,1,SELL,104491.0,0.01,CBROBTCxstrata1x1329
2025-05-12 13:40:43.403120,1,BUY,103491.0,0.01,CBROBTCxstrata1x1330
2025-05-12 13:40:45.203118,1,SELL,104502.4,0.01,CBROBTCxstrata1x1331
2025-05-12 13:40:45.203126,1,BUY,103502.4,0.01,CBROBTCxstrata1x1332
2025-05-12 13:40:50.023304,1,SELL,104513.9,0.01,CBROBTCxstrata1x1333
2025-05-12 13:40:50.023309,1,BUY,103513.9,0.01,CBROBTCxstrata1x1334
2025-05-12 13:40:50.332726,1,SELL,104508.0,0.01,CBROBTCxstrata1x1335
2025-05-12 13:40:50.332732,1,BUY,103508.0,0.01,CBROBTCxstrata1x1336
2025-05-12 13:40:54.142859,1,SELL,104498.4,0.01,CBROBTCxstrata1x1337
2025-05-12 13:40:54.142873,1,BUY,103498.4,0.01,CBROBTCxstrata1x1338
2025-05-12 13:40:55.092396,1,SELL,104485.6,0.01,CBROBTCxstrata1x1339
2025-05-12 13:40:55.092403,1,BUY,103485.6,0.01,CBROBTCxstrata1x1340
2025-05-12 13:40:55.872704,1,SELL,104490.9,0.01,CBROBTCxstrata1x1341
2025-05-12 13:40:55.872708,1,BUY,103490.9,0.01,CBROBTCxstrata1x1342
2025-05-12 13:41:00.552775,1,SELL,104501.1,0.01,CBROBTCxstrata1x1343
2025-05-12 13:41:00.552782,1,BUY,103501.1,0.01,CBROBTCxstrata1x1344
2025-05-12 13:41:00.803030,1,SELL,104512.2,0.01,CBROBTCxstrata1x1345
2025-05-12 13:41:00.803034,1,BUY,103512.2,0.01,CBROBTCxstrata1x1346
2025-05-12 13:41:01.407489,1,SELL,104522.8,0.01,CBROBTCxstrata1x1347
2025-05-12 13:41:01.407497,1,BUY,103522.8,0.01,CBROBTCxstrata1x1348
2025-05-12 13:41:01.642748,1,SELL,104532.9,0.01,CBROBTCxstrata1x1349
2025-05-12 13:41:01.642752,1,BUY,103532.9,0.01,CBROBTCxstrata1x1350
2025-05-12 13:41:02.052691,1,SELL,104545.7,0.01,CBROBTCxstrata1x1351
2025-05-12 13:41:02.052699,1,BUY,103545.7,0.01,CBROBTCxstrata1x1352
2025-05-12 13:41:05.733017,1,SELL,104540.3,0.01,CBROBTCxstrata1x1353
2025-05-12 13:41:05.733023,1,BUY,103540.3,0.01,CBROBTCxstrata1x1354
2025-05-12 13:41:06.243488,1,SELL,104529.3,0.01,CBROBTCxstrata1x1355
2025-05-12 13:41:06.243494,1,BUY,103529.3,0.01,CBROBTCxstrata1x1356
2025-05-12 13:41:07.962915,1,SELL,104517.6,0.01,CBROBTCxstrata1x1357
2025-05-12 13:41:07.962921,1,BUY,103517.6,0.01,CBROBTCxstrata1x1358
2025-05-12 13:41:12.752525,1,SELL,104500.1,0.01,CBROBTCxstrata1x1359
2025-05-12 13:41:12.752530,1,BUY,103500.1,0.01,CBROBTCxstrata1x1360
2025-05-12 13:41:13.353133,1,SELL,104504.4,0.01,CBROBTCxstrata1x1361
2025-05-12 13:41:13.353137,1,BUY,103504.4,0.01,CBROBTCxstrata1x1362
2025-05-12 13:41:14.693322,1,SELL,104515.1,0.01,CBROBTCxstrata1x1363
2025-05-12 13:41:14.693330,1,BUY,103515.1,0.01,CBROBTCxstrata1x1364
2025-05-12 13:41:16.112782,1,SELL,104525.5,0.01,CBROBTCxstrata1x1365
2025-05-12 13:41:16.112788,1,BUY,103525.5,0.01,CBROBTCxstrata1x1366
2025-05-12 13:41:21.672965,1,SELL,104520.6,0.01,CBROBTCxstrata1x1367
2025-05-12 13:41:21.672974,1,BUY,103520.6,0.01,CBROBTCxstrata1x1368
2025-05-12 13:41:21.852683,1,SELL,104510.5,0.01,CBROBTCxstrata1x1369
2025-05-12 13:41:21.852689,1,BUY,103510.5,0.01,CBROBTCxstrata1x1370
2025-05-12 13:41:22.062547,1,SELL,104498.4,0.01,CBROBTCxstrata1x1371
2025-05-12 13:41:22.062555,1,BUY,103498.4,0.01,CBROBTCxstrata1x1372
2025-05-12 13:41:24.262967,1,SELL,104503.0,0.01,CBROBTCxstrata1x1373
2025-05-12 13:41:24.262972,1,BUY,103503.0,0.01,CBROBTCxstrata1x1374
2025-05-12 13:41:24.502946,1,SELL,104514.2,0.01,CBROBTCxstrata1x1375
2025-05-12 13:41:24.502954,1,BUY,103514.2,0.01,CBROBTCxstrata1x1376
2025-05-12 13:41:24.952557,1,SELL,104507.3,0.01,CBROBTCxstrata1x1377
2025-05-12 13:41:24.952562,1,BUY,103507.3,0.01,CBROBTCxstrata1x1378
2025-05-12 13:41:25.262493,1,SELL,104498.0,0.01,CBROBTCxstrata1x1379
2025-05-12 13:41:25.262500,1,BUY,103498.0,0.01,CBROBTCxstrata1x1380
2025-05-12 13:41:29.412771,1,SELL,104504.4,0.01,CBROBTCxstrata1x1381
2025-05-12 13:41:29.412776,1,BUY,103504.4,0.01,CBROBTCxstrata1x1382
2025-05-12 13:41:30.063900,1,SELL,104497.0,0.01,CBROBTCxstrata1x1383
2025-05-12 13:41:30.063904,1,BUY,103497.0,0.01,CBROBTCxstrata1x1384
2025-05-12 13:41:30.252896,1,SELL,104484.2,0.01,CBROBTCxstrata1x1385
2025-05-12 13:41:30.252900,1,BUY,103484.2,0.01,CBROBTCxstrata1x1386
2025-05-12 13:41:31.423552,1,SELL,104472.8,0.01,CBROBTCxstrata1x1387
2025-05-12 13:41:31.423558,1,BUY,103472.8,0.01,CBROBTCxstrata1x1388
2025-05-12 13:41:31.843207,1,SELL,104460.7,0.01,CBROBTCxstrata1x1389
2025-05-12 13:41:31.843214,1,BUY,103460.7,0.01,CBROBTCxstrata1x1390
2025-05-12 13:41:34.702935,1,SELL,104448.3,0.01,CBROBTCxstrata1x1391
2025-05-12 13:41:34.702944,1,BUY,103448.3,0.01,CBROBTCxstrata1x1392
2025-05-12 13:41:35.852741,1,SELL,104435.4,0.01,CBROBTCxstrata1x1393
2025-05-12 13:41:35.852748,1,BUY,103435.4,0.01,CBROBTCxstrata1x1394
2025-05-12 13:41:38.042598,1,SELL,104441.9,0.01,CBROBTCxstrata1x1395
2025-05-12 13:41:38.042606,1,BUY,103441.9,0.01,CBROBTCxstrata1x1396
2025-05-12 13:41:39.722772,1,SELL,104451.3,0.01,CBROBTCxstrata1x1397
2025-05-12 13:41:39.722776,1,BUY,103451.3,0.01,CBROBTCxstrata1x1398
2025-05-12 13:41:39.862622,1,SELL,104462.2,0.01,CBROBTCxstrata1x1399
2025-05-12 13:41:39.862626,1,BUY,103462.2,0.01,CBROBTCxstrata1x1400
2025-05-12 13:41:43.282855,1,SELL,104456.4,0.01,CBROBTCxstrata1x1401
2025-05-12 13:41:43.282863,1,BUY,103456.4,0.01,CBROBTCxstrata1x1402
2025-05-12 13:41:43.832933,1,SELL,104462.8,0.01,CBROBTCxstrata1x1403
2025-05-12 13:41:43.832937,1,BUY,103462.8,0.01,CBROBTCxstrata1x1404
2025-05-12 13:41:45.322953,1,SELL,104475.5,0.01,CBROBTCxstrata1x1405
2025-05-12 13:41:45.322960,1,BUY,103475.5,0.01,CBROBTCxstrata1x1406
2025-05-12 13:41:45.472498,1,SELL,104488.2,0.01,CBROBTCxstrata1x1407
2025-05-12 13:41:45.472503,1,BUY,103488.2,0.01,CBROBTCxstrata1x1408
2025-05-12 13:41:45.952689,1,SELL,104482.3,0.01,CBROBTCxstrata1x1409
2025-05-12 13:41:45.952695,1,BUY,103482.3,0.01,CBROBTCxstrata1x1410
2025-05-12 13:41:46.083137,1,SELL,104471.3,0.01,CBROBTCxstrata1x1411
2025-05-12 13:41:46.083143,1,BUY,103471.3,0.01,CBROBTCxstrata1x1412
2025-05-12 13:41:46.642860,1,SELL,104459.1,0.01,CBROBTCxstrata1x1413
2025-05-12 13:41:46.642867,1,BUY,103459.1,0.01,CBROBTCxstrata1x1414
2025-05-12 13:41:51.212925,1,SELL,104446.6,0.01,CBROBTCxstrata1x1415
2025-05-12 13:41:51.212931,1,BUY,103446.6,0.01,CBROBTCxstrata1x1416
2025-05-12 13:41:53.482815,1,SELL,104454.5,0.01,CBROBTCxstrata1x1417
2025-05-12 13:41:53.482820,1,BUY,103454.5,0.01,CBROBTCxstrata1x1418
2025-05-12 13:41:53.693294,1,SELL,104464.2,0.01,CBROBTCxstrata1x1419
2025-05-12 13:41:53.693300,1,BUY,103464.2,0.01,CBROBTCxstrata1x1420
2025-05-12 13:41:55.983122,1,SELL,104453.2,0.01,CBROBTCxstrata1x1421
2025-05-12 13:41:55.983128,1,BUY,103453.2,0.01,CBROBTCxstrata1x1422
2025-05-12 13:41:59.953120,1,SELL,104441.4,0.01,CBROBTCxstrata1x1423
2025-05-12 13:41:59.953126,1,BUY,103441.4,0.01,CBROBTCxstrata1x1424
2025-05-12 13:42:00.083256,1,SELL,104428.7,0.01,CBROBTCxstrata1x1425
2025-05-12 13:42:00.083261,1,BUY,103428.7,0.01,CBROBTCxstrata1x1426
2025-05-12 13:42:00.492548,1,SELL,104416.9,0.01,CBROBTCxstrata1x1427
2025-05-12 13:42:00.492560,1,BUY,103416.9,0.01,CBROBTCxstrata1x1428
2025-05-12 13:42:02.150718,1,SELL,104404.4,0.01,CBROBTCxstrata1x1429
2025-05-12 13:42:02.150725,1,BUY,103404.4,0.01,CBROBTCxstrata1x1430
2025-05-12 13:42:02.713383,1,SELL,104393.7,0.01,CBROBTCxstrata1x1431
2025-05-12 13:42:02.713387,1,BUY,103393.7,0.01,CBROBTCxstrata1x1432
2025-05-12 13:42:02.862535,1,SELL,104383.5,0.01,CBROBTCxstrata1x1433
2025-05-12 13:42:02.862539,1,BUY,103383.5,0.01,CBROBTCxstrata1x1434
2025-05-12 13:42:03.023306,1,SELL,104373.4,0.01,CBROBTCxstrata1x1435
2025-05-12 13:42:03.023313,1,BUY,103373.4,0.01,CBROBTCxstrata1x1436
2025-05-12 13:42:06.223183,1,SELL,104363.4,0.01,CBROBTCxstrata1x1437
2025-05-12 13:42:06.223192,1,BUY,103363.4,0.01,CBROBTCxstrata1x1438
2025-05-12 13:42:06.361156,1,SELL,104353.4,0.01,CBROBTCxstrata1x1439
2025-05-12 13:42:06.361163,1,BUY,103353.4,0.01,CBROBTCxstrata1x1440
2025-05-12 13:42:06.612858,1,SELL,104343.4,0.01,CBROBTCxstrata1x1441
2025-05-12 13:42:06.612883,1,BUY,103343.4,0.01,CBROBTCxstrata1x1442
2025-05-12 13:42:06.746866,1,SELL,104330.1,0.01,CBROBTCxstrata1x1443
2025-05-12 13:42:06.746872,1,BUY,103330.1,0.01,CBROBTCxstrata1x1444
2025-05-12 13:42:06.922754,1,SELL,104318.1,0.01,CBROBTCxstrata1x1445
2025-05-12 13:42:06.922778,1,BUY,103318.1,0.01,CBROBTCxstrata1x1446
2025-05-12 13:42:08.012731,1,SELL,104304.7,0.01,CBROBTCxstrata1x1447
2025-05-12 13:42:08.012739,1,BUY,103304.7,0.01,CBROBTCxstrata1x1448
2025-05-12 13:42:09.394006,1,SELL,104292.7,0.01,CBROBTCxstrata1x1449
2025-05-12 13:42:09.394013,1,BUY,103292.7,0.01,CBROBTCxstrata1x1450
2025-05-12 13:42:12.402964,1,SELL,104281.0,0.01,CBROBTCxstrata1x1451
2025-05-12 13:42:12.402969,1,BUY,103281.0,0.01,CBROBTCxstrata1x1452
2025-05-12 13:42:13.312929,1,SELL,104267.9,0.01,CBROBTCxstrata1x1453
2025-05-12 13:42:13.312936,1,BUY,103267.9,0.01,CBROBTCxstrata1x1454
2025-05-12 13:42:15.473807,1,SELL,104253.0,0.01,CBROBTCxstrata1x1455
2025-05-12 13:42:15.473812,1,BUY,103253.0,0.01,CBROBTCxstrata1x1456
2025-05-12 13:42:15.612934,1,SELL,104240.3,0.01,CBROBTCxstrata1x1457
2025-05-12 13:42:15.612938,1,BUY,103240.3,0.01,CBROBTCxstrata1x1458
2025-05-12 13:42:15.752817,1,SELL,104227.3,0.01,CBROBTCxstrata1x1459
2025-05-12 13:42:15.752821,1,BUY,103227.3,0.01,CBROBTCxstrata1x1460
2025-05-12 13:42:16.416206,1,SELL,104207.6,0.01,CBROBTCxstrata1x1461
2025-05-12 13:42:16.416210,1,BUY,103207.6,0.01,CBROBTCxstrata1x1462
2025-05-12 13:42:16.547321,1,SELL,104195.2,0.01,CBROBTCxstrata1x1463
2025-05-12 13:42:16.547326,1,BUY,103195.2,0.01,CBROBTCxstrata1x1464
2025-05-12 13:42:17.932685,1,SELL,104205.5,0.01,CBROBTCxstrata1x1465
2025-05-12 13:42:17.932691,1,BUY,103205.5,0.01,CBROBTCxstrata1x1466
2025-05-12 13:42:18.073015,1,SELL,104215.7,0.01,CBROBTCxstrata1x1467
2025-05-12 13:42:18.073025,1,BUY,103215.7,0.01,CBROBTCxstrata1x1468
2025-05-12 13:42:18.292812,1,SELL,104228.5,0.01,CBROBTCxstrata1x1469
2025-05-12 13:42:18.292817,1,BUY,103228.5,0.01,CBROBTCxstrata1x1470
2025-05-12 13:42:18.942669,1,SELL,104222.3,0.01,CBROBTCxstrata1x1471
2025-05-12 13:42:18.942678,1,BUY,103222.3,0.01,CBROBTCxstrata1x1472
2025-05-12 13:42:19.382817,1,SELL,104211.7,0.01,CBROBTCxstrata1x1473
2025-05-12 13:42:19.382823,1,BUY,103211.7,0.01,CBROBTCxstrata1x1474
2025-05-12 13:42:23.762982,1,SELL,104199.8,0.01,CBROBTCxstrata1x1475
