timestamp,grid_number,side,price,quantity,clOrdId
2025-05-12 13:25:20.479940,1,SELL,104762.0,0.01,CBROBTCxstrata1x1
2025-05-12 13:25:20.480101,1,SELL,104762.0,0.01,CBROBTCxstrata1x1
2025-05-12 13:25:20.480240,2,BUY,103762.0,0.01,CBROBTCxstrata1x2
2025-05-12 13:25:20.480276,2,BUY,103762.0,0.01,CBROBTCxstrata1x2
2025-05-12 13:25:59.931541,3,SELL,104771.9,0.01,CBROBTCxstrata1x3
2025-05-12 13:25:59.931556,3,SELL,104771.9,0.01,CBROBTCxstrata1x3
2025-05-12 13:25:59.931720,4,BUY,103771.9,0.01,CBROBTCxstrata1x4
2025-05-12 13:25:59.931745,4,BUY,103771.9,0.01,CBROBTCxstrata1x4
2025-05-12 13:26:01.129050,5,SELL,104782.8,0.01,CBROBTCxstrata1x5
2025-05-12 13:26:01.129064,5,SELL,104782.8,0.01,CBROBTCxstrata1x5
2025-05-12 13:26:01.129081,6,BUY,103782.8,0.01,CBROBTCxstrata1x6
2025-05-12 13:26:01.129093,6,BUY,103782.8,0.01,CBROBTCxstrata1x6
2025-05-12 13:26:10.278852,7,SELL,104775.6,0.01,CBROBTCxstrata1x7
2025-05-12 13:26:10.278861,7,SELL,104775.6,0.01,CBROBTCxstrata1x7
2025-05-12 13:26:10.278870,8,BUY,103775.6,0.01,CBROBTCxstrata1x8
2025-05-12 13:26:10.278874,8,BUY,103775.6,0.01,CBROBTCxstrata1x8
2025-05-12 13:26:12.129020,9,SELL,104764.1,0.01,CBROBTCxstrata1x9
2025-05-12 13:26:12.129030,9,SELL,104764.1,0.01,CBROBTCxstrata1x9
2025-05-12 13:26:12.129038,10,BUY,103764.1,0.01,CBROBTCxstrata1x10
2025-05-12 13:26:12.129042,10,BUY,103764.1,0.01,CBROBTCxstrata1x10
2025-05-12 13:26:13.258575,11,SELL,104770.2,0.01,CBROBTCxstrata1x11
2025-05-12 13:26:13.258579,11,SELL,104770.2,0.01,CBROBTCxstrata1x11
2025-05-12 13:26:13.258588,12,BUY,103770.2,0.01,CBROBTCxstrata1x12
2025-05-12 13:26:13.258591,12,BUY,103770.2,0.01,CBROBTCxstrata1x12
2025-05-12 13:26:13.938816,13,SELL,104783.7,0.01,CBROBTCxstrata1x13
2025-05-12 13:26:13.938822,13,SELL,104783.7,0.01,CBROBTCxstrata1x13
2025-05-12 13:26:13.938834,14,BUY,103783.7,0.01,CBROBTCxstrata1x14
2025-05-12 13:26:13.938838,14,BUY,103783.7,0.01,CBROBTCxstrata1x14
2025-05-12 13:26:23.038767,15,SELL,104795.8,0.01,CBROBTCxstrata1x15
2025-05-12 13:26:23.038771,15,SELL,104795.8,0.01,CBROBTCxstrata1x15
2025-05-12 13:26:23.038777,16,BUY,103795.8,0.01,CBROBTCxstrata1x16
2025-05-12 13:26:23.038779,16,BUY,103795.8,0.01,CBROBTCxstrata1x16
2025-05-12 13:26:31.529444,17,SELL,104811.1,0.01,CBROBTCxstrata1x17
2025-05-12 13:26:31.529450,17,SELL,104811.1,0.01,CBROBTCxstrata1x17
2025-05-12 13:26:31.529462,18,BUY,103811.1,0.01,CBROBTCxstrata1x18
2025-05-12 13:26:31.529469,18,BUY,103811.1,0.01,CBROBTCxstrata1x18
2025-05-12 13:26:41.929205,19,SELL,104822.6,0.01,CBROBTCxstrata1x19
2025-05-12 13:26:41.929211,19,SELL,104822.6,0.01,CBROBTCxstrata1x19
2025-05-12 13:26:41.929221,20,BUY,103822.6,0.01,CBROBTCxstrata1x20
2025-05-12 13:26:41.929239,20,BUY,103822.6,0.01,CBROBTCxstrata1x20
2025-05-12 13:26:57.270661,21,SELL,104834.4,0.01,CBROBTCxstrata1x21
2025-05-12 13:26:57.270665,21,SELL,104834.4,0.01,CBROBTCxstrata1x21
2025-05-12 13:26:57.270790,22,BUY,103834.4,0.01,CBROBTCxstrata1x22
2025-05-12 13:26:57.270802,22,BUY,103834.4,0.01,CBROBTCxstrata1x22
2025-05-12 13:27:33.598614,23,SELL,104828.4,0.01,CBROBTCxstrata1x23
2025-05-12 13:27:33.598618,23,SELL,104828.4,0.01,CBROBTCxstrata1x23
2025-05-12 13:27:33.598622,24,BUY,103828.4,0.01,CBROBTCxstrata1x24
2025-05-12 13:27:33.598624,24,BUY,103828.4,0.01,CBROBTCxstrata1x24
2025-05-12 13:27:36.838747,25,SELL,104834.5,0.01,CBROBTCxstrata1x25
2025-05-12 13:27:36.838750,25,SELL,104834.5,0.01,CBROBTCxstrata1x25
2025-05-12 13:27:36.838767,26,BUY,103834.5,0.01,CBROBTCxstrata1x26
2025-05-12 13:27:36.838771,26,BUY,103834.5,0.01,CBROBTCxstrata1x26
2025-05-12 13:27:41.559136,27,SELL,104828.1,0.01,CBROBTCxstrata1x27
2025-05-12 13:27:41.559140,27,SELL,104828.1,0.01,CBROBTCxstrata1x27
2025-05-12 13:27:41.559144,28,BUY,103828.1,0.01,CBROBTCxstrata1x28
2025-05-12 13:27:41.559146,28,BUY,103828.1,0.01,CBROBTCxstrata1x28
2025-05-12 13:27:42.328977,29,SELL,104818.7,0.01,CBROBTCxstrata1x29
2025-05-12 13:27:42.328982,29,SELL,104818.7,0.01,CBROBTCxstrata1x29
2025-05-12 13:27:42.328995,30,BUY,103818.7,0.01,CBROBTCxstrata1x30
2025-05-12 13:27:42.328999,30,BUY,103818.7,0.01,CBROBTCxstrata1x30
2025-05-12 13:27:58.688629,31,SELL,104806.0,0.01,CBROBTCxstrata1x31
2025-05-12 13:27:58.688635,31,SELL,104806.0,0.01,CBROBTCxstrata1x31
2025-05-12 13:27:58.688723,32,BUY,103806.0,0.01,CBROBTCxstrata1x32
2025-05-12 13:27:58.688729,32,BUY,103806.0,0.01,CBROBTCxstrata1x32
2025-05-12 13:28:01.048732,33,SELL,104791.7,0.01,CBROBTCxstrata1x33
2025-05-12 13:28:01.048737,33,SELL,104791.7,0.01,CBROBTCxstrata1x33
2025-05-12 13:28:01.048745,34,BUY,103791.7,0.01,CBROBTCxstrata1x34
2025-05-12 13:28:01.048748,34,BUY,103791.7,0.01,CBROBTCxstrata1x34
2025-05-12 13:28:40.688931,35,SELL,104776.7,0.01,CBROBTCxstrata1x35
2025-05-12 13:28:40.688936,35,SELL,104776.7,0.01,CBROBTCxstrata1x35
2025-05-12 13:28:40.688941,36,BUY,103776.7,0.01,CBROBTCxstrata1x36
2025-05-12 13:28:40.688944,36,BUY,103776.7,0.01,CBROBTCxstrata1x36
2025-05-12 13:28:53.409634,37,SELL,104763.5,0.01,CBROBTCxstrata1x37
2025-05-12 13:28:53.409639,37,SELL,104763.5,0.01,CBROBTCxstrata1x37
2025-05-12 13:28:53.409647,38,BUY,103763.5,0.01,CBROBTCxstrata1x38
2025-05-12 13:28:53.409650,38,BUY,103763.5,0.01,CBROBTCxstrata1x38
2025-05-12 13:28:55.728521,39,SELL,104747.5,0.01,CBROBTCxstrata1x39
2025-05-12 13:28:55.728526,39,SELL,104747.5,0.01,CBROBTCxstrata1x39
2025-05-12 13:28:55.728533,40,BUY,103747.5,0.01,CBROBTCxstrata1x40
2025-05-12 13:28:55.728536,40,BUY,103747.5,0.01,CBROBTCxstrata1x40
2025-05-12 13:29:06.299397,41,SELL,104733.8,0.01,CBROBTCxstrata1x41
2025-05-12 13:29:06.299401,41,SELL,104733.8,0.01,CBROBTCxstrata1x41
2025-05-12 13:29:06.299406,42,BUY,103733.8,0.01,CBROBTCxstrata1x42
2025-05-12 13:29:06.299410,42,BUY,103733.8,0.01,CBROBTCxstrata1x42
2025-05-12 13:29:21.049352,43,SELL,104716.0,0.01,CBROBTCxstrata1x43
2025-05-12 13:29:21.049356,43,SELL,104716.0,0.01,CBROBTCxstrata1x43
2025-05-12 13:29:21.049359,44,BUY,103716.0,0.01,CBROBTCxstrata1x44
2025-05-12 13:29:21.049362,44,BUY,103716.0,0.01,CBROBTCxstrata1x44
2025-05-12 13:29:23.088971,45,SELL,104704.1,0.01,CBROBTCxstrata1x45
2025-05-12 13:29:23.088975,45,SELL,104704.1,0.01,CBROBTCxstrata1x45
2025-05-12 13:29:23.088980,46,BUY,103704.1,0.01,CBROBTCxstrata1x46
2025-05-12 13:29:23.088983,46,BUY,103704.1,0.01,CBROBTCxstrata1x46
2025-05-12 13:29:24.848497,47,SELL,104693.1,0.01,CBROBTCxstrata1x47
2025-05-12 13:29:24.848501,47,SELL,104693.1,0.01,CBROBTCxstrata1x47
2025-05-12 13:29:24.848506,48,BUY,103693.1,0.01,CBROBTCxstrata1x48
2025-05-12 13:29:24.848510,48,BUY,103693.1,0.01,CBROBTCxstrata1x48
2025-05-12 13:29:27.768801,49,SELL,104680.6,0.01,CBROBTCxstrata1x49
2025-05-12 13:29:27.768806,49,SELL,104680.6,0.01,CBROBTCxstrata1x49
2025-05-12 13:29:27.768810,50,BUY,103680.6,0.01,CBROBTCxstrata1x50
2025-05-12 13:29:27.768813,50,BUY,103680.6,0.01,CBROBTCxstrata1x50
2025-05-12 13:29:28.848757,51,SELL,104669.7,0.01,CBROBTCxstrata1x51
2025-05-12 13:29:28.848761,51,SELL,104669.7,0.01,CBROBTCxstrata1x51
2025-05-12 13:29:28.848764,52,BUY,103669.7,0.01,CBROBTCxstrata1x52
2025-05-12 13:29:28.848766,52,BUY,103669.7,0.01,CBROBTCxstrata1x52
2025-05-12 13:29:33.050406,53,SELL,104655.8,0.01,CBROBTCxstrata1x53
2025-05-12 13:29:33.050414,53,SELL,104655.8,0.01,CBROBTCxstrata1x53
2025-05-12 13:29:33.050418,54,BUY,103655.8,0.01,CBROBTCxstrata1x54
2025-05-12 13:29:33.050420,54,BUY,103655.8,0.01,CBROBTCxstrata1x54
2025-05-12 13:29:33.184192,55,SELL,104644.0,0.01,CBROBTCxstrata1x55
2025-05-12 13:29:33.184196,55,SELL,104644.0,0.01,CBROBTCxstrata1x55
2025-05-12 13:29:33.184203,56,BUY,103644.0,0.01,CBROBTCxstrata1x56
2025-05-12 13:29:33.184206,56,BUY,103644.0,0.01,CBROBTCxstrata1x56
2025-05-12 13:29:43.108654,57,SELL,104633.6,0.01,CBROBTCxstrata1x57
2025-05-12 13:29:43.108658,57,SELL,104633.6,0.01,CBROBTCxstrata1x57
2025-05-12 13:29:43.108664,58,BUY,103633.6,0.01,CBROBTCxstrata1x58
2025-05-12 13:29:43.108667,58,BUY,103633.6,0.01,CBROBTCxstrata1x58
2025-05-12 13:29:43.409072,59,SELL,104622.7,0.01,CBROBTCxstrata1x59
2025-05-12 13:29:43.409079,59,SELL,104622.7,0.01,CBROBTCxstrata1x59
2025-05-12 13:29:43.409101,60,BUY,103622.7,0.01,CBROBTCxstrata1x60
2025-05-12 13:29:43.409107,60,BUY,103622.7,0.01,CBROBTCxstrata1x60
2025-05-12 13:29:44.098504,61,SELL,104612.3,0.01,CBROBTCxstrata1x61
2025-05-12 13:29:44.098509,61,SELL,104612.3,0.01,CBROBTCxstrata1x61
2025-05-12 13:29:44.098570,62,BUY,103612.3,0.01,CBROBTCxstrata1x62
2025-05-12 13:29:44.098577,62,BUY,103612.3,0.01,CBROBTCxstrata1x62
2025-05-12 13:29:46.288709,63,SELL,104617.8,0.01,CBROBTCxstrata1x63
2025-05-12 13:29:46.288714,63,SELL,104617.8,0.01,CBROBTCxstrata1x63
2025-05-12 13:29:46.288718,64,BUY,103617.8,0.01,CBROBTCxstrata1x64
2025-05-12 13:29:46.288722,64,BUY,103617.8,0.01,CBROBTCxstrata1x64
2025-05-12 13:30:00.588731,65,SELL,104627.3,0.01,CBROBTCxstrata1x65
2025-05-12 13:30:00.588735,65,SELL,104627.3,0.01,CBROBTCxstrata1x65
2025-05-12 13:30:00.588737,66,BUY,103627.3,0.01,CBROBTCxstrata1x66
2025-05-12 13:30:00.588740,66,BUY,103627.3,0.01,CBROBTCxstrata1x66
2025-05-12 13:30:00.738356,67,SELL,104637.8,0.01,CBROBTCxstrata1x67
2025-05-12 13:30:00.738360,67,SELL,104637.8,0.01,CBROBTCxstrata1x67
2025-05-12 13:30:00.738363,68,BUY,103637.8,0.01,CBROBTCxstrata1x68
2025-05-12 13:30:00.738365,68,BUY,103637.8,0.01,CBROBTCxstrata1x68
2025-05-12 13:30:00.969338,69,SELL,104650.0,0.01,CBROBTCxstrata1x69
2025-05-12 13:30:00.969342,69,SELL,104650.0,0.01,CBROBTCxstrata1x69
2025-05-12 13:30:00.969346,70,BUY,103650.0,0.01,CBROBTCxstrata1x70
2025-05-12 13:30:00.969349,70,BUY,103650.0,0.01,CBROBTCxstrata1x70
2025-05-12 13:30:01.458932,71,SELL,104641.8,0.01,CBROBTCxstrata1x71
2025-05-12 13:30:01.458934,71,SELL,104641.8,0.01,CBROBTCxstrata1x71
2025-05-12 13:30:01.458937,72,BUY,103641.8,0.01,CBROBTCxstrata1x72
2025-05-12 13:30:01.458939,72,BUY,103641.8,0.01,CBROBTCxstrata1x72
2025-05-12 13:30:01.598701,73,SELL,104623.7,0.01,CBROBTCxstrata1x73
2025-05-12 13:30:01.598704,73,SELL,104623.7,0.01,CBROBTCxstrata1x73
2025-05-12 13:30:01.598707,74,BUY,103623.7,0.01,CBROBTCxstrata1x74
2025-05-12 13:30:01.598708,74,BUY,103623.7,0.01,CBROBTCxstrata1x74
2025-05-12 13:30:02.788702,75,SELL,104627.2,0.01,CBROBTCxstrata1x75
2025-05-12 13:30:02.788705,75,SELL,104627.2,0.01,CBROBTCxstrata1x75
2025-05-12 13:30:02.788707,76,BUY,103627.2,0.01,CBROBTCxstrata1x76
2025-05-12 13:30:02.788709,76,BUY,103627.2,0.01,CBROBTCxstrata1x76
2025-05-12 13:30:03.428877,77,SELL,104620.4,0.01,CBROBTCxstrata1x77
2025-05-12 13:30:03.428881,77,SELL,104620.4,0.01,CBROBTCxstrata1x77
2025-05-12 13:30:03.428884,78,BUY,103620.4,0.01,CBROBTCxstrata1x78
2025-05-12 13:30:03.428887,78,BUY,103620.4,0.01,CBROBTCxstrata1x78
2025-05-12 13:30:04.358787,79,SELL,104626.2,0.01,CBROBTCxstrata1x79
2025-05-12 13:30:04.358790,79,SELL,104626.2,0.01,CBROBTCxstrata1x79
2025-05-12 13:30:04.358793,80,BUY,103626.2,0.01,CBROBTCxstrata1x80
2025-05-12 13:30:04.358795,80,BUY,103626.2,0.01,CBROBTCxstrata1x80
2025-05-12 13:30:05.348722,81,SELL,104637.4,0.01,CBROBTCxstrata1x81
2025-05-12 13:30:05.348726,81,SELL,104637.4,0.01,CBROBTCxstrata1x81
2025-05-12 13:30:05.348728,82,BUY,103637.4,0.01,CBROBTCxstrata1x82
2025-05-12 13:30:05.348730,82,BUY,103637.4,0.01,CBROBTCxstrata1x82
2025-05-12 13:30:05.488592,83,SELL,104649.6,0.01,CBROBTCxstrata1x83
2025-05-12 13:30:05.488595,83,SELL,104649.6,0.01,CBROBTCxstrata1x83
2025-05-12 13:30:05.488598,84,BUY,103649.6,0.01,CBROBTCxstrata1x84
2025-05-12 13:30:05.488600,84,BUY,103649.6,0.01,CBROBTCxstrata1x84
2025-05-12 13:30:06.129106,85,SELL,104660.5,0.01,CBROBTCxstrata1x85
2025-05-12 13:30:06.129112,85,SELL,104660.5,0.01,CBROBTCxstrata1x85
2025-05-12 13:30:06.129116,86,BUY,103660.5,0.01,CBROBTCxstrata1x86
2025-05-12 13:30:06.129119,86,BUY,103660.5,0.01,CBROBTCxstrata1x86
2025-05-12 13:30:06.278847,87,SELL,104673.7,0.01,CBROBTCxstrata1x87
2025-05-12 13:30:06.278851,87,SELL,104673.7,0.01,CBROBTCxstrata1x87
2025-05-12 13:30:06.278855,88,BUY,103673.7,0.01,CBROBTCxstrata1x88
2025-05-12 13:30:06.278857,88,BUY,103673.7,0.01,CBROBTCxstrata1x88
2025-05-12 13:30:06.558732,89,SELL,104668.2,0.01,CBROBTCxstrata1x89
2025-05-12 13:30:06.558736,89,SELL,104668.2,0.01,CBROBTCxstrata1x89
2025-05-12 13:30:06.558740,90,BUY,103668.2,0.01,CBROBTCxstrata1x90
2025-05-12 13:30:06.558743,90,BUY,103668.2,0.01,CBROBTCxstrata1x90
2025-05-12 13:30:06.688841,91,SELL,104655.2,0.01,CBROBTCxstrata1x91
2025-05-12 13:30:06.688845,91,SELL,104655.2,0.01,CBROBTCxstrata1x91
2025-05-12 13:30:06.688849,92,BUY,103655.2,0.01,CBROBTCxstrata1x92
2025-05-12 13:30:06.688852,92,BUY,103655.2,0.01,CBROBTCxstrata1x92
2025-05-12 13:30:07.738842,93,SELL,104644.3,0.01,CBROBTCxstrata1x93
2025-05-12 13:30:07.738847,93,SELL,104644.3,0.01,CBROBTCxstrata1x93
2025-05-12 13:30:07.738851,94,BUY,103644.3,0.01,CBROBTCxstrata1x94
2025-05-12 13:30:07.738854,94,BUY,103644.3,0.01,CBROBTCxstrata1x94
2025-05-12 13:30:08.709470,95,SELL,104656.9,0.01,CBROBTCxstrata1x95
2025-05-12 13:30:08.709490,95,SELL,104656.9,0.01,CBROBTCxstrata1x95
2025-05-12 13:30:08.709493,96,BUY,103656.9,0.01,CBROBTCxstrata1x96
2025-05-12 13:30:08.709496,96,BUY,103656.9,0.01,CBROBTCxstrata1x96
2025-05-12 13:30:12.128819,97,SELL,104651.8,0.01,CBROBTCxstrata1x97
2025-05-12 13:30:12.128823,97,SELL,104651.8,0.01,CBROBTCxstrata1x97
2025-05-12 13:30:12.128826,98,BUY,103651.8,0.01,CBROBTCxstrata1x98
2025-05-12 13:30:12.128829,98,BUY,103651.8,0.01,CBROBTCxstrata1x98
2025-05-12 13:30:14.038640,99,SELL,104641.1,0.01,CBROBTCxstrata1x99
2025-05-12 13:30:14.038643,99,SELL,104641.1,0.01,CBROBTCxstrata1x99
2025-05-12 13:30:14.038646,100,BUY,103641.1,0.01,CBROBTCxstrata1x100
2025-05-12 13:30:14.038648,100,BUY,103641.1,0.01,CBROBTCxstrata1x100
2025-05-12 13:30:14.218803,101,SELL,104627.2,0.01,CBROBTCxstrata1x101
2025-05-12 13:30:14.218807,101,SELL,104627.2,0.01,CBROBTCxstrata1x101
2025-05-12 13:30:14.218812,102,BUY,103627.2,0.01,CBROBTCxstrata1x102
2025-05-12 13:30:14.218815,102,BUY,103627.2,0.01,CBROBTCxstrata1x102
2025-05-12 13:30:15.878654,103,SELL,104633.2,0.01,CBROBTCxstrata1x103
2025-05-12 13:30:15.878658,103,SELL,104633.2,0.01,CBROBTCxstrata1x103
2025-05-12 13:30:15.878662,104,BUY,103633.2,0.01,CBROBTCxstrata1x104
2025-05-12 13:30:15.878666,104,BUY,103633.2,0.01,CBROBTCxstrata1x104
2025-05-12 13:30:16.028810,105,SELL,104642.2,0.01,CBROBTCxstrata1x105
2025-05-12 13:30:16.028812,105,SELL,104642.2,0.01,CBROBTCxstrata1x105
2025-05-12 13:30:16.028815,106,BUY,103642.2,0.01,CBROBTCxstrata1x106
2025-05-12 13:30:16.028817,106,BUY,103642.2,0.01,CBROBTCxstrata1x106
2025-05-12 13:30:18.928600,107,SELL,104653.7,0.01,CBROBTCxstrata1x107
2025-05-12 13:30:18.928603,107,SELL,104653.7,0.01,CBROBTCxstrata1x107
2025-05-12 13:30:18.928610,108,BUY,103653.7,0.01,CBROBTCxstrata1x108
2025-05-12 13:30:18.928612,108,BUY,103653.7,0.01,CBROBTCxstrata1x108
2025-05-12 13:30:21.458920,109,SELL,104646.9,0.01,CBROBTCxstrata1x109
2025-05-12 13:30:21.458924,109,SELL,104646.9,0.01,CBROBTCxstrata1x109
2025-05-12 13:30:21.458927,110,BUY,103646.9,0.01,CBROBTCxstrata1x110
2025-05-12 13:30:21.458931,110,BUY,103646.9,0.01,CBROBTCxstrata1x110
2025-05-12 13:30:22.619178,111,SELL,104635.8,0.01,CBROBTCxstrata1x111
2025-05-12 13:30:22.619180,111,SELL,104635.8,0.01,CBROBTCxstrata1x111
2025-05-12 13:30:22.619183,112,BUY,103635.8,0.01,CBROBTCxstrata1x112
2025-05-12 13:30:22.619185,112,BUY,103635.8,0.01,CBROBTCxstrata1x112
2025-05-12 13:30:25.978958,113,SELL,104623.9,0.01,CBROBTCxstrata1x113
2025-05-12 13:30:25.978962,113,SELL,104623.9,0.01,CBROBTCxstrata1x113
2025-05-12 13:30:25.978966,114,BUY,103623.9,0.01,CBROBTCxstrata1x114
2025-05-12 13:30:25.978969,114,BUY,103623.9,0.01,CBROBTCxstrata1x114
2025-05-12 13:30:27.978764,115,SELL,104613.2,0.01,CBROBTCxstrata1x115
2025-05-12 13:30:27.978767,115,SELL,104613.2,0.01,CBROBTCxstrata1x115
2025-05-12 13:30:27.978772,116,BUY,103613.2,0.01,CBROBTCxstrata1x116
2025-05-12 13:30:27.978775,116,BUY,103613.2,0.01,CBROBTCxstrata1x116
2025-05-12 13:30:28.799039,117,SELL,104599.5,0.01,CBROBTCxstrata1x117
2025-05-12 13:30:28.799043,117,SELL,104599.5,0.01,CBROBTCxstrata1x117
2025-05-12 13:30:28.799046,118,BUY,103599.5,0.01,CBROBTCxstrata1x118
2025-05-12 13:30:28.799049,118,BUY,103599.5,0.01,CBROBTCxstrata1x118
2025-05-12 13:30:29.469049,119,SELL,104604.5,0.01,CBROBTCxstrata1x119
2025-05-12 13:30:29.469051,119,SELL,104604.5,0.01,CBROBTCxstrata1x119
2025-05-12 13:30:29.469054,120,BUY,103604.5,0.01,CBROBTCxstrata1x120
2025-05-12 13:30:29.469056,120,BUY,103604.5,0.01,CBROBTCxstrata1x120
2025-05-12 13:30:31.698861,121,SELL,104598.2,0.01,CBROBTCxstrata1x121
2025-05-12 13:30:31.698865,121,SELL,104598.2,0.01,CBROBTCxstrata1x121
2025-05-12 13:30:31.698869,122,BUY,103598.2,0.01,CBROBTCxstrata1x122
2025-05-12 13:30:31.698872,122,BUY,103598.2,0.01,CBROBTCxstrata1x122
2025-05-12 13:30:31.838675,123,SELL,104588.2,0.01,CBROBTCxstrata1x123
2025-05-12 13:30:31.838678,123,SELL,104588.2,0.01,CBROBTCxstrata1x123
2025-05-12 13:30:31.838680,124,BUY,103588.2,0.01,CBROBTCxstrata1x124
2025-05-12 13:30:31.838683,124,BUY,103588.2,0.01,CBROBTCxstrata1x124
2025-05-12 13:30:33.168784,125,SELL,104576.1,0.01,CBROBTCxstrata1x125
2025-05-12 13:30:33.168788,125,SELL,104576.1,0.01,CBROBTCxstrata1x125
2025-05-12 13:30:33.168790,126,BUY,103576.1,0.01,CBROBTCxstrata1x126
2025-05-12 13:30:33.168793,126,BUY,103576.1,0.01,CBROBTCxstrata1x126
2025-05-12 13:30:34.202315,127,SELL,104560.9,0.01,CBROBTCxstrata1x127
2025-05-12 13:30:34.202320,127,SELL,104560.9,0.01,CBROBTCxstrata1x127
2025-05-12 13:30:34.202327,128,BUY,103560.9,0.01,CBROBTCxstrata1x128
2025-05-12 13:30:34.202330,128,BUY,103560.9,0.01,CBROBTCxstrata1x128
2025-05-12 13:30:34.658914,129,SELL,104548.5,0.01,CBROBTCxstrata1x129
2025-05-12 13:30:34.658918,129,SELL,104548.5,0.01,CBROBTCxstrata1x129
2025-05-12 13:30:34.658925,130,BUY,103548.5,0.01,CBROBTCxstrata1x130
2025-05-12 13:30:34.658928,130,BUY,103548.5,0.01,CBROBTCxstrata1x130
2025-05-12 13:30:39.129129,131,SELL,104536.2,0.01,CBROBTCxstrata1x131
2025-05-12 13:30:39.129133,131,SELL,104536.2,0.01,CBROBTCxstrata1x131
2025-05-12 13:30:39.129136,132,BUY,103536.2,0.01,CBROBTCxstrata1x132
2025-05-12 13:30:39.129138,132,BUY,103536.2,0.01,CBROBTCxstrata1x132
2025-05-12 13:30:39.278785,133,SELL,104520.8,0.01,CBROBTCxstrata1x133
2025-05-12 13:30:39.278788,133,SELL,104520.8,0.01,CBROBTCxstrata1x133
2025-05-12 13:30:39.278790,134,BUY,103520.8,0.01,CBROBTCxstrata1x134
2025-05-12 13:30:39.278792,134,BUY,103520.8,0.01,CBROBTCxstrata1x134
2025-05-12 13:30:40.308742,135,SELL,104509.2,0.01,CBROBTCxstrata1x135
2025-05-12 13:30:40.308747,135,SELL,104509.2,0.01,CBROBTCxstrata1x135
2025-05-12 13:30:40.308750,136,BUY,103509.2,0.01,CBROBTCxstrata1x136
2025-05-12 13:30:40.308753,136,BUY,103509.2,0.01,CBROBTCxstrata1x136
2025-05-12 13:30:40.989073,137,SELL,104496.7,0.01,CBROBTCxstrata1x137
2025-05-12 13:30:40.989077,137,SELL,104496.7,0.01,CBROBTCxstrata1x137
2025-05-12 13:30:40.989081,138,BUY,103496.7,0.01,CBROBTCxstrata1x138
2025-05-12 13:30:40.989084,138,BUY,103496.7,0.01,CBROBTCxstrata1x138
2025-05-12 13:30:41.148780,139,SELL,104479.7,0.01,CBROBTCxstrata1x139
2025-05-12 13:30:41.148785,139,SELL,104479.7,0.01,CBROBTCxstrata1x139
2025-05-12 13:30:41.148789,140,BUY,103479.7,0.01,CBROBTCxstrata1x140
2025-05-12 13:30:41.148793,140,BUY,103479.7,0.01,CBROBTCxstrata1x140
2025-05-12 13:30:42.038873,141,SELL,104466.6,0.01,CBROBTCxstrata1x141
2025-05-12 13:30:42.038878,141,SELL,104466.6,0.01,CBROBTCxstrata1x141
2025-05-12 13:30:42.038880,142,BUY,103466.6,0.01,CBROBTCxstrata1x142
2025-05-12 13:30:42.038882,142,BUY,103466.6,0.01,CBROBTCxstrata1x142
2025-05-12 13:30:42.178695,143,SELL,104454.7,0.01,CBROBTCxstrata1x143
2025-05-12 13:30:42.178698,143,SELL,104454.7,0.01,CBROBTCxstrata1x143
2025-05-12 13:30:42.178701,144,BUY,103454.7,0.01,CBROBTCxstrata1x144
2025-05-12 13:30:42.178704,144,BUY,103454.7,0.01,CBROBTCxstrata1x144
2025-05-12 13:30:42.338768,145,SELL,104441.8,0.01,CBROBTCxstrata1x145
2025-05-12 13:30:42.338773,145,SELL,104441.8,0.01,CBROBTCxstrata1x145
2025-05-12 13:30:42.338777,146,BUY,103441.8,0.01,CBROBTCxstrata1x146
2025-05-12 13:30:42.338780,146,BUY,103441.8,0.01,CBROBTCxstrata1x146
2025-05-12 13:30:43.010487,147,SELL,104428.2,0.01,CBROBTCxstrata1x147
2025-05-12 13:30:43.010492,147,SELL,104428.2,0.01,CBROBTCxstrata1x147
2025-05-12 13:30:43.010495,148,BUY,103428.2,0.01,CBROBTCxstrata1x148
2025-05-12 13:30:43.010498,148,BUY,103428.2,0.01,CBROBTCxstrata1x148
2025-05-12 13:30:43.143355,149,SELL,104414.5,0.01,CBROBTCxstrata1x149
2025-05-12 13:30:43.143357,149,SELL,104414.5,0.01,CBROBTCxstrata1x149
2025-05-12 13:30:43.143361,150,BUY,103414.5,0.01,CBROBTCxstrata1x150
2025-05-12 13:30:43.143363,150,BUY,103414.5,0.01,CBROBTCxstrata1x150
2025-05-12 13:30:44.428705,151,SELL,104419.7,0.01,CBROBTCxstrata1x151
2025-05-12 13:30:44.428708,151,SELL,104419.7,0.01,CBROBTCxstrata1x151
2025-05-12 13:30:44.428711,152,BUY,103419.7,0.01,CBROBTCxstrata1x152
2025-05-12 13:30:44.428713,152,BUY,103419.7,0.01,CBROBTCxstrata1x152
2025-05-12 13:30:44.558749,153,SELL,104430.4,0.01,CBROBTCxstrata1x153
2025-05-12 13:30:44.558752,153,SELL,104430.4,0.01,CBROBTCxstrata1x153
2025-05-12 13:30:44.558756,154,BUY,103430.4,0.01,CBROBTCxstrata1x154
2025-05-12 13:30:44.558758,154,BUY,103430.4,0.01,CBROBTCxstrata1x154
2025-05-12 13:30:45.429174,155,SELL,104440.9,0.01,CBROBTCxstrata1x155
2025-05-12 13:30:45.429178,155,SELL,104440.9,0.01,CBROBTCxstrata1x155
2025-05-12 13:30:45.429181,156,BUY,103440.9,0.01,CBROBTCxstrata1x156
2025-05-12 13:30:45.429184,156,BUY,103440.9,0.01,CBROBTCxstrata1x156
2025-05-12 13:30:45.560323,157,SELL,104453.9,0.01,CBROBTCxstrata1x157
2025-05-12 13:30:45.560328,157,SELL,104453.9,0.01,CBROBTCxstrata1x157
2025-05-12 13:30:45.560332,158,BUY,103453.9,0.01,CBROBTCxstrata1x158
2025-05-12 13:30:45.560336,158,BUY,103453.9,0.01,CBROBTCxstrata1x158
2025-05-12 13:30:45.709675,159,SELL,104468.4,0.01,CBROBTCxstrata1x159
2025-05-12 13:30:45.709680,159,SELL,104468.4,0.01,CBROBTCxstrata1x159
2025-05-12 13:30:45.709685,160,BUY,103468.4,0.01,CBROBTCxstrata1x160
2025-05-12 13:30:45.709688,160,BUY,103468.4,0.01,CBROBTCxstrata1x160
2025-05-12 13:30:46.748655,161,SELL,104480.0,0.01,CBROBTCxstrata1x161
2025-05-12 13:30:46.748659,161,SELL,104480.0,0.01,CBROBTCxstrata1x161
2025-05-12 13:30:46.748663,162,BUY,103480.0,0.01,CBROBTCxstrata1x162
2025-05-12 13:30:46.748666,162,BUY,103480.0,0.01,CBROBTCxstrata1x162
2025-05-12 13:30:47.628916,163,SELL,104474.5,0.01,CBROBTCxstrata1x163
2025-05-12 13:30:47.628921,163,SELL,104474.5,0.01,CBROBTCxstrata1x163
2025-05-12 13:30:47.628923,164,BUY,103474.5,0.01,CBROBTCxstrata1x164
2025-05-12 13:30:47.628925,164,BUY,103474.5,0.01,CBROBTCxstrata1x164
2025-05-12 13:30:47.878661,165,SELL,104463.7,0.01,CBROBTCxstrata1x165
2025-05-12 13:30:47.878663,165,SELL,104463.7,0.01,CBROBTCxstrata1x165
2025-05-12 13:30:47.878666,166,BUY,103463.7,0.01,CBROBTCxstrata1x166
2025-05-12 13:30:47.878667,166,BUY,103463.7,0.01,CBROBTCxstrata1x166
2025-05-12 13:30:50.368849,167,SELL,104452.0,0.01,CBROBTCxstrata1x167
2025-05-12 13:30:50.368853,167,SELL,104452.0,0.01,CBROBTCxstrata1x167
2025-05-12 13:30:50.368856,168,BUY,103452.0,0.01,CBROBTCxstrata1x168
2025-05-12 13:30:50.368859,168,BUY,103452.0,0.01,CBROBTCxstrata1x168
2025-05-12 13:30:50.988347,169,SELL,104457.9,0.01,CBROBTCxstrata1x169
2025-05-12 13:30:50.988351,169,SELL,104457.9,0.01,CBROBTCxstrata1x169
2025-05-12 13:30:50.988355,170,BUY,103457.9,0.01,CBROBTCxstrata1x170
2025-05-12 13:30:50.988359,170,BUY,103457.9,0.01,CBROBTCxstrata1x170
2025-05-12 13:30:51.309042,171,SELL,104467.8,0.01,CBROBTCxstrata1x171
2025-05-12 13:30:51.309045,171,SELL,104467.8,0.01,CBROBTCxstrata1x171
2025-05-12 13:30:51.309048,172,BUY,103467.8,0.01,CBROBTCxstrata1x172
2025-05-12 13:30:51.309050,172,BUY,103467.8,0.01,CBROBTCxstrata1x172
2025-05-12 13:30:51.659003,173,SELL,104478.4,0.01,CBROBTCxstrata1x173
2025-05-12 13:30:51.659005,173,SELL,104478.4,0.01,CBROBTCxstrata1x173
2025-05-12 13:30:51.659008,174,BUY,103478.4,0.01,CBROBTCxstrata1x174
2025-05-12 13:30:51.659009,174,BUY,103478.4,0.01,CBROBTCxstrata1x174
2025-05-12 13:30:51.798820,175,SELL,104488.5,0.01,CBROBTCxstrata1x175
2025-05-12 13:30:51.798824,175,SELL,104488.5,0.01,CBROBTCxstrata1x175
2025-05-12 13:30:51.798826,176,BUY,103488.5,0.01,CBROBTCxstrata1x176
2025-05-12 13:30:51.798828,176,BUY,103488.5,0.01,CBROBTCxstrata1x176
2025-05-12 13:30:52.210803,177,SELL,104482.2,0.01,CBROBTCxstrata1x177
2025-05-12 13:30:52.210806,177,SELL,104482.2,0.01,CBROBTCxstrata1x177
2025-05-12 13:30:52.210808,178,BUY,103482.2,0.01,CBROBTCxstrata1x178
2025-05-12 13:30:52.210811,178,BUY,103482.2,0.01,CBROBTCxstrata1x178
2025-05-12 13:30:53.138632,179,SELL,104489.5,0.01,CBROBTCxstrata1x179
2025-05-12 13:30:53.138636,179,SELL,104489.5,0.01,CBROBTCxstrata1x179
2025-05-12 13:30:53.138644,180,BUY,103489.5,0.01,CBROBTCxstrata1x180
2025-05-12 13:30:53.138649,180,BUY,103489.5,0.01,CBROBTCxstrata1x180
2025-05-12 13:30:54.928668,181,SELL,104481.1,0.01,CBROBTCxstrata1x181
2025-05-12 13:30:54.928671,181,SELL,104481.1,0.01,CBROBTCxstrata1x181
2025-05-12 13:30:54.928673,182,BUY,103481.1,0.01,CBROBTCxstrata1x182
2025-05-12 13:30:54.928675,182,BUY,103481.1,0.01,CBROBTCxstrata1x182
2025-05-12 13:30:55.878778,183,SELL,104487.2,0.01,CBROBTCxstrata1x183
2025-05-12 13:30:55.878784,183,SELL,104487.2,0.01,CBROBTCxstrata1x183
2025-05-12 13:30:55.878788,184,BUY,103487.2,0.01,CBROBTCxstrata1x184
2025-05-12 13:30:55.878790,184,BUY,103487.2,0.01,CBROBTCxstrata1x184
2025-05-12 13:30:56.317273,185,SELL,104474.5,0.01,CBROBTCxstrata1x185
2025-05-12 13:30:56.317277,185,SELL,104474.5,0.01,CBROBTCxstrata1x185
2025-05-12 13:30:56.317281,186,BUY,103474.5,0.01,CBROBTCxstrata1x186
2025-05-12 13:30:56.317284,186,BUY,103474.5,0.01,CBROBTCxstrata1x186
2025-05-12 13:30:58.818768,187,SELL,104480.8,0.01,CBROBTCxstrata1x187
2025-05-12 13:30:58.818772,187,SELL,104480.8,0.01,CBROBTCxstrata1x187
2025-05-12 13:30:58.818774,188,BUY,103480.8,0.01,CBROBTCxstrata1x188
2025-05-12 13:30:58.818777,188,BUY,103480.8,0.01,CBROBTCxstrata1x188
2025-05-12 13:31:02.699017,189,SELL,104495.0,0.01,CBROBTCxstrata1x189
2025-05-12 13:31:02.699021,189,SELL,104495.0,0.01,CBROBTCxstrata1x189
2025-05-12 13:31:02.699025,190,BUY,103495.0,0.01,CBROBTCxstrata1x190
2025-05-12 13:31:02.699052,190,BUY,103495.0,0.01,CBROBTCxstrata1x190
2025-05-12 13:31:03.598773,191,SELL,104506.3,0.01,CBROBTCxstrata1x191
2025-05-12 13:31:03.598778,191,SELL,104506.3,0.01,CBROBTCxstrata1x191
2025-05-12 13:31:03.598782,192,BUY,103506.3,0.01,CBROBTCxstrata1x192
2025-05-12 13:31:03.598794,192,BUY,103506.3,0.01,CBROBTCxstrata1x192
2025-05-12 13:31:03.728891,193,SELL,104525.7,0.01,CBROBTCxstrata1x193
2025-05-12 13:31:03.728895,193,SELL,104525.7,0.01,CBROBTCxstrata1x193
2025-05-12 13:31:03.728899,194,BUY,103525.7,0.01,CBROBTCxstrata1x194
2025-05-12 13:31:03.728902,194,BUY,103525.7,0.01,CBROBTCxstrata1x194
2025-05-12 13:31:05.689750,195,SELL,104521.6,0.01,CBROBTCxstrata1x195
2025-05-12 13:31:05.689755,195,SELL,104521.6,0.01,CBROBTCxstrata1x195
2025-05-12 13:31:05.689759,196,BUY,103521.6,0.01,CBROBTCxstrata1x196
2025-05-12 13:31:05.689761,196,BUY,103521.6,0.01,CBROBTCxstrata1x196
2025-05-12 13:31:05.828705,197,SELL,104512.3,0.01,CBROBTCxstrata1x197
2025-05-12 13:31:05.828708,197,SELL,104512.3,0.01,CBROBTCxstrata1x197
2025-05-12 13:31:05.828711,198,BUY,103512.3,0.01,CBROBTCxstrata1x198
2025-05-12 13:31:05.828713,198,BUY,103512.3,0.01,CBROBTCxstrata1x198
2025-05-12 13:31:06.438962,199,SELL,104517.7,0.01,CBROBTCxstrata1x199
2025-05-12 13:31:06.438966,199,SELL,104517.7,0.01,CBROBTCxstrata1x199
2025-05-12 13:31:06.438969,200,BUY,103517.7,0.01,CBROBTCxstrata1x200
2025-05-12 13:31:06.438972,200,BUY,103517.7,0.01,CBROBTCxstrata1x200
2025-05-12 13:31:07.128522,201,SELL,104506.1,0.01,CBROBTCxstrata1x201
2025-05-12 13:31:07.128525,201,SELL,104506.1,0.01,CBROBTCxstrata1x201
2025-05-12 13:31:07.128528,202,BUY,103506.1,0.01,CBROBTCxstrata1x202
2025-05-12 13:31:07.128531,202,BUY,103506.1,0.01,CBROBTCxstrata1x202
2025-05-12 13:31:09.248860,203,SELL,104510.7,0.01,CBROBTCxstrata1x203
2025-05-12 13:31:09.248865,203,SELL,104510.7,0.01,CBROBTCxstrata1x203
2025-05-12 13:31:09.248868,204,BUY,103510.7,0.01,CBROBTCxstrata1x204
2025-05-12 13:31:09.248872,204,BUY,103510.7,0.01,CBROBTCxstrata1x204
2025-05-12 13:31:09.378914,205,SELL,104524.9,0.01,CBROBTCxstrata1x205
2025-05-12 13:31:09.378918,205,SELL,104524.9,0.01,CBROBTCxstrata1x205
2025-05-12 13:31:09.378922,206,BUY,103524.9,0.01,CBROBTCxstrata1x206
2025-05-12 13:31:09.378925,206,BUY,103524.9,0.01,CBROBTCxstrata1x206
2025-05-12 13:31:09.509668,207,SELL,104539.2,0.01,CBROBTCxstrata1x207
2025-05-12 13:31:09.509673,207,SELL,104539.2,0.01,CBROBTCxstrata1x207
2025-05-12 13:31:09.509676,208,BUY,103539.2,0.01,CBROBTCxstrata1x208
2025-05-12 13:31:09.509679,208,BUY,103539.2,0.01,CBROBTCxstrata1x208
2025-05-12 13:31:11.178777,209,SELL,104535.3,0.01,CBROBTCxstrata1x209
2025-05-12 13:31:11.178781,209,SELL,104535.3,0.01,CBROBTCxstrata1x209
2025-05-12 13:31:11.178785,210,BUY,103535.3,0.01,CBROBTCxstrata1x210
2025-05-12 13:31:11.178788,210,BUY,103535.3,0.01,CBROBTCxstrata1x210
2025-05-12 13:31:13.188913,211,SELL,104542.4,0.01,CBROBTCxstrata1x211
2025-05-12 13:31:13.188920,211,SELL,104542.4,0.01,CBROBTCxstrata1x211
2025-05-12 13:31:13.188924,212,BUY,103542.4,0.01,CBROBTCxstrata1x212
2025-05-12 13:31:13.188927,212,BUY,103542.4,0.01,CBROBTCxstrata1x212
2025-05-12 13:31:14.478802,213,SELL,104536.3,0.01,CBROBTCxstrata1x213
2025-05-12 13:31:14.478805,213,SELL,104536.3,0.01,CBROBTCxstrata1x213
2025-05-12 13:31:14.478808,214,BUY,103536.3,0.01,CBROBTCxstrata1x214
2025-05-12 13:31:14.478810,214,BUY,103536.3,0.01,CBROBTCxstrata1x214
2025-05-12 13:31:14.719116,215,SELL,104526.7,0.01,CBROBTCxstrata1x215
2025-05-12 13:31:14.719120,215,SELL,104526.7,0.01,CBROBTCxstrata1x215
2025-05-12 13:31:14.719126,216,BUY,103526.7,0.01,CBROBTCxstrata1x216
2025-05-12 13:31:14.719129,216,BUY,103526.7,0.01,CBROBTCxstrata1x216
2025-05-12 13:31:14.908964,217,SELL,104510.0,0.01,CBROBTCxstrata1x217
2025-05-12 13:31:14.908967,217,SELL,104510.0,0.01,CBROBTCxstrata1x217
2025-05-12 13:31:14.908970,218,BUY,103510.0,0.01,CBROBTCxstrata1x218
2025-05-12 13:31:14.908973,218,BUY,103510.0,0.01,CBROBTCxstrata1x218
2025-05-12 13:31:17.798750,219,SELL,104515.9,0.01,CBROBTCxstrata1x219
2025-05-12 13:31:17.798756,219,SELL,104515.9,0.01,CBROBTCxstrata1x219
2025-05-12 13:31:17.798759,220,BUY,103515.9,0.01,CBROBTCxstrata1x220
2025-05-12 13:31:17.798763,220,BUY,103515.9,0.01,CBROBTCxstrata1x220
2025-05-12 13:31:17.929020,221,SELL,104527.6,0.01,CBROBTCxstrata1x221
2025-05-12 13:31:17.929025,221,SELL,104527.6,0.01,CBROBTCxstrata1x221
2025-05-12 13:31:17.929029,222,BUY,103527.6,0.01,CBROBTCxstrata1x222
2025-05-12 13:31:17.929032,222,BUY,103527.6,0.01,CBROBTCxstrata1x222
2025-05-12 13:31:18.368567,223,SELL,104539.6,0.01,CBROBTCxstrata1x223
2025-05-12 13:31:18.368571,223,SELL,104539.6,0.01,CBROBTCxstrata1x223
2025-05-12 13:31:18.368574,224,BUY,103539.6,0.01,CBROBTCxstrata1x224
2025-05-12 13:31:18.368577,224,BUY,103539.6,0.01,CBROBTCxstrata1x224
2025-05-12 13:31:18.988657,225,SELL,104530.6,0.01,CBROBTCxstrata1x225
2025-05-12 13:31:18.988662,225,SELL,104530.6,0.01,CBROBTCxstrata1x225
2025-05-12 13:31:18.988664,226,BUY,103530.6,0.01,CBROBTCxstrata1x226
2025-05-12 13:31:18.988666,226,BUY,103530.6,0.01,CBROBTCxstrata1x226
2025-05-12 13:31:21.468903,227,SELL,104520.4,0.01,CBROBTCxstrata1x227
2025-05-12 13:31:21.468908,227,SELL,104520.4,0.01,CBROBTCxstrata1x227
2025-05-12 13:31:21.468912,228,BUY,103520.4,0.01,CBROBTCxstrata1x228
2025-05-12 13:31:21.468915,228,BUY,103520.4,0.01,CBROBTCxstrata1x228
2025-05-12 13:31:22.310813,229,SELL,104506.7,0.01,CBROBTCxstrata1x229
2025-05-12 13:31:22.310819,229,SELL,104506.7,0.01,CBROBTCxstrata1x229
2025-05-12 13:31:22.310822,230,BUY,103506.7,0.01,CBROBTCxstrata1x230
2025-05-12 13:31:22.310824,230,BUY,103506.7,0.01,CBROBTCxstrata1x230
2025-05-12 13:31:25.928955,231,SELL,104511.0,0.01,CBROBTCxstrata1x231
2025-05-12 13:31:25.928961,231,SELL,104511.0,0.01,CBROBTCxstrata1x231
2025-05-12 13:31:25.928965,232,BUY,103511.0,0.01,CBROBTCxstrata1x232
2025-05-12 13:31:25.928968,232,BUY,103511.0,0.01,CBROBTCxstrata1x232
2025-05-12 13:31:26.168889,233,SELL,104520.5,0.01,CBROBTCxstrata1x233
2025-05-12 13:31:26.168893,233,SELL,104520.5,0.01,CBROBTCxstrata1x233
2025-05-12 13:31:26.168904,234,BUY,103520.5,0.01,CBROBTCxstrata1x234
2025-05-12 13:31:26.168906,234,BUY,103520.5,0.01,CBROBTCxstrata1x234
2025-05-12 13:31:26.438971,235,SELL,104531.5,0.01,CBROBTCxstrata1x235
2025-05-12 13:31:26.438975,235,SELL,104531.5,0.01,CBROBTCxstrata1x235
2025-05-12 13:31:26.438978,236,BUY,103531.5,0.01,CBROBTCxstrata1x236
2025-05-12 13:31:26.438981,236,BUY,103531.5,0.01,CBROBTCxstrata1x236
2025-05-12 13:31:26.578812,237,SELL,104544.0,0.01,CBROBTCxstrata1x237
2025-05-12 13:31:26.578815,237,SELL,104544.0,0.01,CBROBTCxstrata1x237
2025-05-12 13:31:26.578817,238,BUY,103544.0,0.01,CBROBTCxstrata1x238
2025-05-12 13:31:26.578820,238,BUY,103544.0,0.01,CBROBTCxstrata1x238
2025-05-12 13:31:29.578886,239,SELL,104538.1,0.01,CBROBTCxstrata1x239
2025-05-12 13:31:29.578889,239,SELL,104538.1,0.01,CBROBTCxstrata1x239
2025-05-12 13:31:29.578892,240,BUY,103538.1,0.01,CBROBTCxstrata1x240
2025-05-12 13:31:29.578894,240,BUY,103538.1,0.01,CBROBTCxstrata1x240
2025-05-12 13:31:30.628843,241,SELL,104544.4,0.01,CBROBTCxstrata1x241
2025-05-12 13:31:30.628847,241,SELL,104544.4,0.01,CBROBTCxstrata1x241
2025-05-12 13:31:30.628849,242,BUY,103544.4,0.01,CBROBTCxstrata1x242
2025-05-12 13:31:30.628851,242,BUY,103544.4,0.01,CBROBTCxstrata1x242
2025-05-12 13:31:30.768928,243,SELL,104559.8,0.01,CBROBTCxstrata1x243
2025-05-12 13:31:30.768932,243,SELL,104559.8,0.01,CBROBTCxstrata1x243
2025-05-12 13:31:30.768936,244,BUY,103559.8,0.01,CBROBTCxstrata1x244
2025-05-12 13:31:30.768940,244,BUY,103559.8,0.01,CBROBTCxstrata1x244
2025-05-12 13:31:31.049175,245,SELL,104571.6,0.01,CBROBTCxstrata1x245
2025-05-12 13:31:31.049177,245,SELL,104571.6,0.01,CBROBTCxstrata1x245
2025-05-12 13:31:31.049179,246,BUY,103571.6,0.01,CBROBTCxstrata1x246
2025-05-12 13:31:31.049182,246,BUY,103571.6,0.01,CBROBTCxstrata1x246
2025-05-12 13:31:32.368740,247,SELL,104566.6,0.01,CBROBTCxstrata1x247
2025-05-12 13:31:32.368743,247,SELL,104566.6,0.01,CBROBTCxstrata1x247
2025-05-12 13:31:32.368745,248,BUY,103566.6,0.01,CBROBTCxstrata1x248
2025-05-12 13:31:32.368747,248,BUY,103566.6,0.01,CBROBTCxstrata1x248
2025-05-12 13:31:35.058793,249,SELL,104576.6,0.01,CBROBTCxstrata1x249
2025-05-12 13:31:35.058797,249,SELL,104576.6,0.01,CBROBTCxstrata1x249
2025-05-12 13:31:35.058799,250,BUY,103576.6,0.01,CBROBTCxstrata1x250
2025-05-12 13:31:35.058801,250,BUY,103576.6,0.01,CBROBTCxstrata1x250
2025-05-12 13:31:35.299084,251,SELL,104589.6,0.01,CBROBTCxstrata1x251
2025-05-12 13:31:35.299087,251,SELL,104589.6,0.01,CBROBTCxstrata1x251
2025-05-12 13:31:35.299090,252,BUY,103589.6,0.01,CBROBTCxstrata1x252
2025-05-12 13:31:35.299092,252,BUY,103589.6,0.01,CBROBTCxstrata1x252
2025-05-12 13:31:36.948784,253,SELL,104583.2,0.01,CBROBTCxstrata1x253
2025-05-12 13:31:36.948789,253,SELL,104583.2,0.01,CBROBTCxstrata1x253
2025-05-12 13:31:36.948793,254,BUY,103583.2,0.01,CBROBTCxstrata1x254
2025-05-12 13:31:36.948796,254,BUY,103583.2,0.01,CBROBTCxstrata1x254
2025-05-12 13:31:37.358895,255,SELL,104573.4,0.01,CBROBTCxstrata1x255
2025-05-12 13:31:37.358899,255,SELL,104573.4,0.01,CBROBTCxstrata1x255
2025-05-12 13:31:37.358903,256,BUY,103573.4,0.01,CBROBTCxstrata1x256
2025-05-12 13:31:37.358906,256,BUY,103573.4,0.01,CBROBTCxstrata1x256
2025-05-12 13:31:39.428677,257,SELL,104578.6,0.01,CBROBTCxstrata1x257
2025-05-12 13:31:39.428680,257,SELL,104578.6,0.01,CBROBTCxstrata1x257
2025-05-12 13:31:39.428682,258,BUY,103578.6,0.01,CBROBTCxstrata1x258
2025-05-12 13:31:39.428684,258,BUY,103578.6,0.01,CBROBTCxstrata1x258
2025-05-12 13:31:42.068594,259,SELL,104572.2,0.01,CBROBTCxstrata1x259
2025-05-12 13:31:42.068598,259,SELL,104572.2,0.01,CBROBTCxstrata1x259
2025-05-12 13:31:42.068602,260,BUY,103572.2,0.01,CBROBTCxstrata1x260
2025-05-12 13:31:42.068605,260,BUY,103572.2,0.01,CBROBTCxstrata1x260
2025-05-12 13:31:43.288639,261,SELL,104559.8,0.01,CBROBTCxstrata1x261
2025-05-12 13:31:43.288643,261,SELL,104559.8,0.01,CBROBTCxstrata1x261
2025-05-12 13:31:43.288646,262,BUY,103559.8,0.01,CBROBTCxstrata1x262
2025-05-12 13:31:43.288649,262,BUY,103559.8,0.01,CBROBTCxstrata1x262
2025-05-12 13:31:43.808759,263,SELL,104564.4,0.01,CBROBTCxstrata1x263
2025-05-12 13:31:43.808762,263,SELL,104564.4,0.01,CBROBTCxstrata1x263
2025-05-12 13:31:43.808765,264,BUY,103564.4,0.01,CBROBTCxstrata1x264
2025-05-12 13:31:43.808766,264,BUY,103564.4,0.01,CBROBTCxstrata1x264
2025-05-12 13:31:43.946370,265,SELL,104575.8,0.01,CBROBTCxstrata1x265
2025-05-12 13:31:43.946376,265,SELL,104575.8,0.01,CBROBTCxstrata1x265
2025-05-12 13:31:43.946380,266,BUY,103575.8,0.01,CBROBTCxstrata1x266
2025-05-12 13:31:43.946384,266,BUY,103575.8,0.01,CBROBTCxstrata1x266
2025-05-12 13:31:44.078863,267,SELL,104589.9,0.01,CBROBTCxstrata1x267
2025-05-12 13:31:44.078866,267,SELL,104589.9,0.01,CBROBTCxstrata1x267
2025-05-12 13:31:44.078869,268,BUY,103589.9,0.01,CBROBTCxstrata1x268
2025-05-12 13:31:44.078871,268,BUY,103589.9,0.01,CBROBTCxstrata1x268
2025-05-12 13:31:46.358584,269,SELL,104584.0,0.01,CBROBTCxstrata1x269
2025-05-12 13:31:46.358589,269,SELL,104584.0,0.01,CBROBTCxstrata1x269
2025-05-12 13:31:46.358591,270,BUY,103584.0,0.01,CBROBTCxstrata1x270
2025-05-12 13:31:46.358594,270,BUY,103584.0,0.01,CBROBTCxstrata1x270
2025-05-12 13:31:54.118948,271,SELL,104592.3,0.01,CBROBTCxstrata1x271
2025-05-12 13:31:54.118953,271,SELL,104592.3,0.01,CBROBTCxstrata1x271
2025-05-12 13:31:54.118959,272,BUY,103592.3,0.01,CBROBTCxstrata1x272
2025-05-12 13:31:54.118961,272,BUY,103592.3,0.01,CBROBTCxstrata1x272
2025-05-12 13:31:55.198745,273,SELL,104602.3,0.01,CBROBTCxstrata1x273
2025-05-12 13:31:55.198750,273,SELL,104602.3,0.01,CBROBTCxstrata1x273
2025-05-12 13:31:55.198755,274,BUY,103602.3,0.01,CBROBTCxstrata1x274
2025-05-12 13:31:55.198758,274,BUY,103602.3,0.01,CBROBTCxstrata1x274
2025-05-12 13:32:00.529177,275,SELL,104588.9,0.01,CBROBTCxstrata1x275
2025-05-12 13:32:00.529181,275,SELL,104588.9,0.01,CBROBTCxstrata1x275
2025-05-12 13:32:00.529184,276,BUY,103588.9,0.01,CBROBTCxstrata1x276
2025-05-12 13:32:00.529186,276,BUY,103588.9,0.01,CBROBTCxstrata1x276
2025-05-12 13:32:01.348737,277,SELL,104594.5,0.01,CBROBTCxstrata1x277
2025-05-12 13:32:01.348740,277,SELL,104594.5,0.01,CBROBTCxstrata1x277
2025-05-12 13:32:01.348743,278,BUY,103594.5,0.01,CBROBTCxstrata1x278
2025-05-12 13:32:01.348745,278,BUY,103594.5,0.01,CBROBTCxstrata1x278
2025-05-12 13:32:01.483532,279,SELL,104604.2,0.01,CBROBTCxstrata1x279
2025-05-12 13:32:01.483535,279,SELL,104604.2,0.01,CBROBTCxstrata1x279
2025-05-12 13:32:01.483537,280,BUY,103604.2,0.01,CBROBTCxstrata1x280
2025-05-12 13:32:01.483541,280,BUY,103604.2,0.01,CBROBTCxstrata1x280
2025-05-12 13:32:01.678725,281,SELL,104616.0,0.01,CBROBTCxstrata1x281
2025-05-12 13:32:01.678729,281,SELL,104616.0,0.01,CBROBTCxstrata1x281
2025-05-12 13:32:01.678732,282,BUY,103616.0,0.01,CBROBTCxstrata1x282
2025-05-12 13:32:01.678735,282,BUY,103616.0,0.01,CBROBTCxstrata1x282
2025-05-12 13:32:01.828885,283,SELL,104626.9,0.01,CBROBTCxstrata1x283
2025-05-12 13:32:01.828888,283,SELL,104626.9,0.01,CBROBTCxstrata1x283
2025-05-12 13:32:01.828908,284,BUY,103626.9,0.01,CBROBTCxstrata1x284
2025-05-12 13:32:01.828910,284,BUY,103626.9,0.01,CBROBTCxstrata1x284
2025-05-12 13:32:03.078904,285,SELL,104639.3,0.01,CBROBTCxstrata1x285
2025-05-12 13:32:03.078908,285,SELL,104639.3,0.01,CBROBTCxstrata1x285
2025-05-12 13:32:03.078910,286,BUY,103639.3,0.01,CBROBTCxstrata1x286
2025-05-12 13:32:03.078912,286,BUY,103639.3,0.01,CBROBTCxstrata1x286
2025-05-12 13:32:04.069220,287,SELL,104634.6,0.01,CBROBTCxstrata1x287
2025-05-12 13:32:04.069224,287,SELL,104634.6,0.01,CBROBTCxstrata1x287
2025-05-12 13:32:04.069226,288,BUY,103634.6,0.01,CBROBTCxstrata1x288
2025-05-12 13:32:04.069229,288,BUY,103634.6,0.01,CBROBTCxstrata1x288
2025-05-12 13:32:04.978768,289,SELL,104644.2,0.01,CBROBTCxstrata1x289
2025-05-12 13:32:04.978771,289,SELL,104644.2,0.01,CBROBTCxstrata1x289
2025-05-12 13:32:04.978773,290,BUY,103644.2,0.01,CBROBTCxstrata1x290
2025-05-12 13:32:04.978776,290,BUY,103644.2,0.01,CBROBTCxstrata1x290
2025-05-12 13:32:05.238965,291,SELL,104638.2,0.01,CBROBTCxstrata1x291
2025-05-12 13:32:05.238968,291,SELL,104638.2,0.01,CBROBTCxstrata1x291
2025-05-12 13:32:05.238971,292,BUY,103638.2,0.01,CBROBTCxstrata1x292
2025-05-12 13:32:05.238972,292,BUY,103638.2,0.01,CBROBTCxstrata1x292
2025-05-12 13:32:05.878837,293,SELL,104627.1,0.01,CBROBTCxstrata1x293
2025-05-12 13:32:05.878839,293,SELL,104627.1,0.01,CBROBTCxstrata1x293
2025-05-12 13:32:05.878841,294,BUY,103627.1,0.01,CBROBTCxstrata1x294
2025-05-12 13:32:05.878843,294,BUY,103627.1,0.01,CBROBTCxstrata1x294
2025-05-12 13:32:06.438773,295,SELL,104612.9,0.01,CBROBTCxstrata1x295
2025-05-12 13:32:06.438776,295,SELL,104612.9,0.01,CBROBTCxstrata1x295
2025-05-12 13:32:06.438778,296,BUY,103612.9,0.01,CBROBTCxstrata1x296
2025-05-12 13:32:06.438781,296,BUY,103612.9,0.01,CBROBTCxstrata1x296
2025-05-12 13:32:10.529048,297,SELL,104593.5,0.01,CBROBTCxstrata1x297
2025-05-12 13:32:10.529052,297,SELL,104593.5,0.01,CBROBTCxstrata1x297
2025-05-12 13:32:10.529055,298,BUY,103593.5,0.01,CBROBTCxstrata1x298
2025-05-12 13:32:10.529059,298,BUY,103593.5,0.01,CBROBTCxstrata1x298
2025-05-12 13:32:10.679076,299,SELL,104579.5,0.01,CBROBTCxstrata1x299
2025-05-12 13:32:10.679080,299,SELL,104579.5,0.01,CBROBTCxstrata1x299
2025-05-12 13:32:10.679085,300,BUY,103579.5,0.01,CBROBTCxstrata1x300
2025-05-12 13:32:10.679089,300,BUY,103579.5,0.01,CBROBTCxstrata1x300
2025-05-12 13:32:11.948857,301,SELL,104586.2,0.01,CBROBTCxstrata1x301
2025-05-12 13:32:11.948862,301,SELL,104586.2,0.01,CBROBTCxstrata1x301
2025-05-12 13:32:11.948867,302,BUY,103586.2,0.01,CBROBTCxstrata1x302
2025-05-12 13:32:11.948871,302,BUY,103586.2,0.01,CBROBTCxstrata1x302
2025-05-12 13:32:12.138857,303,SELL,104596.2,0.01,CBROBTCxstrata1x303
2025-05-12 13:32:12.138862,303,SELL,104596.2,0.01,CBROBTCxstrata1x303
2025-05-12 13:32:12.138866,304,BUY,103596.2,0.01,CBROBTCxstrata1x304
2025-05-12 13:32:12.138868,304,BUY,103596.2,0.01,CBROBTCxstrata1x304
2025-05-12 13:32:13.011570,305,SELL,104587.3,0.01,CBROBTCxstrata1x305
2025-05-12 13:32:13.011573,305,SELL,104587.3,0.01,CBROBTCxstrata1x305
2025-05-12 13:32:13.011575,306,BUY,103587.3,0.01,CBROBTCxstrata1x306
2025-05-12 13:32:13.011577,306,BUY,103587.3,0.01,CBROBTCxstrata1x306
2025-05-12 13:32:13.489052,307,SELL,104575.0,0.01,CBROBTCxstrata1x307
2025-05-12 13:32:13.489055,307,SELL,104575.0,0.01,CBROBTCxstrata1x307
2025-05-12 13:32:13.489057,308,BUY,103575.0,0.01,CBROBTCxstrata1x308
2025-05-12 13:32:13.489060,308,BUY,103575.0,0.01,CBROBTCxstrata1x308
2025-05-12 13:32:14.099571,309,SELL,104560.1,0.01,CBROBTCxstrata1x309
2025-05-12 13:32:14.099575,309,SELL,104560.1,0.01,CBROBTCxstrata1x309
2025-05-12 13:32:14.099577,310,BUY,103560.1,0.01,CBROBTCxstrata1x310
2025-05-12 13:32:14.099579,310,BUY,103560.1,0.01,CBROBTCxstrata1x310
2025-05-12 13:32:14.358817,311,SELL,104548.8,0.01,CBROBTCxstrata1x311
2025-05-12 13:32:14.358820,311,SELL,104548.8,0.01,CBROBTCxstrata1x311
2025-05-12 13:32:14.358823,312,BUY,103548.8,0.01,CBROBTCxstrata1x312
2025-05-12 13:32:14.358825,312,BUY,103548.8,0.01,CBROBTCxstrata1x312
2025-05-12 13:32:15.529064,313,SELL,104559.4,0.01,CBROBTCxstrata1x313
2025-05-12 13:32:15.529068,313,SELL,104559.4,0.01,CBROBTCxstrata1x313
2025-05-12 13:32:15.529072,314,BUY,103559.4,0.01,CBROBTCxstrata1x314
2025-05-12 13:32:15.529076,314,BUY,103559.4,0.01,CBROBTCxstrata1x314
2025-05-12 13:32:15.728872,315,SELL,104569.5,0.01,CBROBTCxstrata1x315
2025-05-12 13:32:15.728875,315,SELL,104569.5,0.01,CBROBTCxstrata1x315
2025-05-12 13:32:15.728880,316,BUY,103569.5,0.01,CBROBTCxstrata1x316
2025-05-12 13:32:15.728883,316,BUY,103569.5,0.01,CBROBTCxstrata1x316
2025-05-12 13:32:16.208603,317,SELL,104564.3,0.01,CBROBTCxstrata1x317
2025-05-12 13:32:16.208606,317,SELL,104564.3,0.01,CBROBTCxstrata1x317
2025-05-12 13:32:16.208608,318,BUY,103564.3,0.01,CBROBTCxstrata1x318
2025-05-12 13:32:16.208610,318,BUY,103564.3,0.01,CBROBTCxstrata1x318
2025-05-12 13:32:16.818858,319,SELL,104570.8,0.01,CBROBTCxstrata1x319
2025-05-12 13:32:16.818861,319,SELL,104570.8,0.01,CBROBTCxstrata1x319
2025-05-12 13:32:16.818864,320,BUY,103570.8,0.01,CBROBTCxstrata1x320
2025-05-12 13:32:16.818865,320,BUY,103570.8,0.01,CBROBTCxstrata1x320
2025-05-12 13:32:17.188841,321,SELL,104581.1,0.01,CBROBTCxstrata1x321
2025-05-12 13:32:17.188846,321,SELL,104581.1,0.01,CBROBTCxstrata1x321
2025-05-12 13:32:17.188850,322,BUY,103581.1,0.01,CBROBTCxstrata1x322
2025-05-12 13:32:17.188854,322,BUY,103581.1,0.01,CBROBTCxstrata1x322
2025-05-12 13:32:17.318889,323,SELL,104592.6,0.01,CBROBTCxstrata1x323
2025-05-12 13:32:17.318895,323,SELL,104592.6,0.01,CBROBTCxstrata1x323
2025-05-12 13:32:17.318899,324,BUY,103592.6,0.01,CBROBTCxstrata1x324
2025-05-12 13:32:17.318901,324,BUY,103592.6,0.01,CBROBTCxstrata1x324
2025-05-12 13:32:17.878802,325,SELL,104584.7,0.01,CBROBTCxstrata1x325
2025-05-12 13:32:17.878806,325,SELL,104584.7,0.01,CBROBTCxstrata1x325
2025-05-12 13:32:17.878809,326,BUY,103584.7,0.01,CBROBTCxstrata1x326
2025-05-12 13:32:17.878812,326,BUY,103584.7,0.01,CBROBTCxstrata1x326
2025-05-12 13:32:19.299113,327,SELL,104595.7,0.01,CBROBTCxstrata1x327
2025-05-12 13:32:19.299116,327,SELL,104595.7,0.01,CBROBTCxstrata1x327
2025-05-12 13:32:19.299118,328,BUY,103595.7,0.01,CBROBTCxstrata1x328
2025-05-12 13:32:19.299121,328,BUY,103595.7,0.01,CBROBTCxstrata1x328
2025-05-12 13:32:19.438816,329,SELL,104608.4,0.01,CBROBTCxstrata1x329
2025-05-12 13:32:19.438820,329,SELL,104608.4,0.01,CBROBTCxstrata1x329
2025-05-12 13:32:19.438823,330,BUY,103608.4,0.01,CBROBTCxstrata1x330
2025-05-12 13:32:19.438826,330,BUY,103608.4,0.01,CBROBTCxstrata1x330
2025-05-12 13:32:20.568884,331,SELL,104620.5,0.01,CBROBTCxstrata1x331
2025-05-12 13:32:20.568889,331,SELL,104620.5,0.01,CBROBTCxstrata1x331
2025-05-12 13:32:20.568893,332,BUY,103620.5,0.01,CBROBTCxstrata1x332
2025-05-12 13:32:20.568904,332,BUY,103620.5,0.01,CBROBTCxstrata1x332
2025-05-12 13:32:20.898832,333,SELL,104633.2,0.01,CBROBTCxstrata1x333
2025-05-12 13:32:20.898839,333,SELL,104633.2,0.01,CBROBTCxstrata1x333
2025-05-12 13:32:20.898841,334,BUY,103633.2,0.01,CBROBTCxstrata1x334
2025-05-12 13:32:20.898843,334,BUY,103633.2,0.01,CBROBTCxstrata1x334
2025-05-12 13:32:21.249127,335,SELL,104650.1,0.01,CBROBTCxstrata1x335
2025-05-12 13:32:21.249132,335,SELL,104650.1,0.01,CBROBTCxstrata1x335
2025-05-12 13:32:21.249136,336,BUY,103650.1,0.01,CBROBTCxstrata1x336
2025-05-12 13:32:21.249139,336,BUY,103650.1,0.01,CBROBTCxstrata1x336
2025-05-12 13:32:24.819442,337,SELL,104645.2,0.01,CBROBTCxstrata1x337
2025-05-12 13:32:24.819447,337,SELL,104645.2,0.01,CBROBTCxstrata1x337
2025-05-12 13:32:24.819449,338,BUY,103645.2,0.01,CBROBTCxstrata1x338
2025-05-12 13:32:24.819452,338,BUY,103645.2,0.01,CBROBTCxstrata1x338
2025-05-12 13:32:28.029299,339,SELL,104633.9,0.01,CBROBTCxstrata1x339
2025-05-12 13:32:28.029303,339,SELL,104633.9,0.01,CBROBTCxstrata1x339
2025-05-12 13:32:28.029307,340,BUY,103633.9,0.01,CBROBTCxstrata1x340
2025-05-12 13:32:28.029309,340,BUY,103633.9,0.01,CBROBTCxstrata1x340
2025-05-12 13:32:29.438637,341,SELL,104621.2,0.01,CBROBTCxstrata1x341
2025-05-12 13:32:29.438640,341,SELL,104621.2,0.01,CBROBTCxstrata1x341
2025-05-12 13:32:29.438644,342,BUY,103621.2,0.01,CBROBTCxstrata1x342
2025-05-12 13:32:29.438646,342,BUY,103621.2,0.01,CBROBTCxstrata1x342
2025-05-12 13:32:30.025481,343,SELL,104629.2,0.01,CBROBTCxstrata1x343
2025-05-12 13:32:30.025485,343,SELL,104629.2,0.01,CBROBTCxstrata1x343
2025-05-12 13:32:30.025488,344,BUY,103629.2,0.01,CBROBTCxstrata1x344
2025-05-12 13:32:30.025490,344,BUY,103629.2,0.01,CBROBTCxstrata1x344
2025-05-12 13:32:30.198522,345,SELL,104640.8,0.01,CBROBTCxstrata1x345
2025-05-12 13:32:30.198526,345,SELL,104640.8,0.01,CBROBTCxstrata1x345
2025-05-12 13:32:30.198530,346,BUY,103640.8,0.01,CBROBTCxstrata1x346
2025-05-12 13:32:30.198533,346,BUY,103640.8,0.01,CBROBTCxstrata1x346
2025-05-12 13:32:30.858641,347,SELL,104634.2,0.01,CBROBTCxstrata1x347
2025-05-12 13:32:30.858646,347,SELL,104634.2,0.01,CBROBTCxstrata1x347
2025-05-12 13:32:30.858649,348,BUY,103634.2,0.01,CBROBTCxstrata1x348
2025-05-12 13:32:30.858652,348,BUY,103634.2,0.01,CBROBTCxstrata1x348
2025-05-12 13:32:31.482172,349,SELL,104653.3,0.01,CBROBTCxstrata1x349
2025-05-12 13:32:31.482175,349,SELL,104653.3,0.01,CBROBTCxstrata1x349
2025-05-12 13:32:31.482178,350,BUY,103653.3,0.01,CBROBTCxstrata1x350
2025-05-12 13:32:31.482180,350,BUY,103653.3,0.01,CBROBTCxstrata1x350
2025-05-12 13:32:33.579399,351,SELL,104667.3,0.01,CBROBTCxstrata1x351
2025-05-12 13:32:33.579403,351,SELL,104667.3,0.01,CBROBTCxstrata1x351
2025-05-12 13:32:33.579407,352,BUY,103667.3,0.01,CBROBTCxstrata1x352
2025-05-12 13:32:33.579410,352,BUY,103667.3,0.01,CBROBTCxstrata1x352
2025-05-12 13:32:34.063224,353,SELL,104657.8,0.01,CBROBTCxstrata1x353
2025-05-12 13:32:34.063229,353,SELL,104657.8,0.01,CBROBTCxstrata1x353
2025-05-12 13:32:34.063233,354,BUY,103657.8,0.01,CBROBTCxstrata1x354
2025-05-12 13:32:34.063235,354,BUY,103657.8,0.01,CBROBTCxstrata1x354
2025-05-12 13:32:34.193659,355,SELL,104637.8,0.01,CBROBTCxstrata1x355
2025-05-12 13:32:34.193662,355,SELL,104637.8,0.01,CBROBTCxstrata1x355
2025-05-12 13:32:34.193665,356,BUY,103637.8,0.01,CBROBTCxstrata1x356
2025-05-12 13:32:34.193668,356,BUY,103637.8,0.01,CBROBTCxstrata1x356
2025-05-12 13:32:34.478913,357,SELL,104623.4,0.01,CBROBTCxstrata1x357
2025-05-12 13:32:34.478916,357,SELL,104623.4,0.01,CBROBTCxstrata1x357
2025-05-12 13:32:34.478920,358,BUY,103623.4,0.01,CBROBTCxstrata1x358
2025-05-12 13:32:34.478923,358,BUY,103623.4,0.01,CBROBTCxstrata1x358
2025-05-12 13:32:34.798398,359,SELL,104611.9,0.01,CBROBTCxstrata1x359
2025-05-12 13:32:34.798401,359,SELL,104611.9,0.01,CBROBTCxstrata1x359
2025-05-12 13:32:34.798403,360,BUY,103611.9,0.01,CBROBTCxstrata1x360
2025-05-12 13:32:34.798406,360,BUY,103611.9,0.01,CBROBTCxstrata1x360
2025-05-12 13:32:35.278982,361,SELL,104600.1,0.01,CBROBTCxstrata1x361
2025-05-12 13:32:35.278985,361,SELL,104600.1,0.01,CBROBTCxstrata1x361
2025-05-12 13:32:35.278987,362,BUY,103600.1,0.01,CBROBTCxstrata1x362
2025-05-12 13:32:35.278990,362,BUY,103600.1,0.01,CBROBTCxstrata1x362
2025-05-12 13:32:35.411959,363,SELL,104587.9,0.01,CBROBTCxstrata1x363
2025-05-12 13:32:35.411962,363,SELL,104587.9,0.01,CBROBTCxstrata1x363
2025-05-12 13:32:35.411966,364,BUY,103587.9,0.01,CBROBTCxstrata1x364
2025-05-12 13:32:35.411968,364,BUY,103587.9,0.01,CBROBTCxstrata1x364
2025-05-12 13:32:36.438677,365,SELL,104574.2,0.01,CBROBTCxstrata1x365
2025-05-12 13:32:36.438681,365,SELL,104574.2,0.01,CBROBTCxstrata1x365
2025-05-12 13:32:36.438684,366,BUY,103574.2,0.01,CBROBTCxstrata1x366
2025-05-12 13:32:36.438686,366,BUY,103574.2,0.01,CBROBTCxstrata1x366
2025-05-12 13:32:36.839497,367,SELL,104584.4,0.01,CBROBTCxstrata1x367
2025-05-12 13:32:36.839501,367,SELL,104584.4,0.01,CBROBTCxstrata1x367
2025-05-12 13:32:36.839504,368,BUY,103584.4,0.01,CBROBTCxstrata1x368
2025-05-12 13:32:36.839507,368,BUY,103584.4,0.01,CBROBTCxstrata1x368
2025-05-12 13:32:36.978830,369,SELL,104603.3,0.01,CBROBTCxstrata1x369
2025-05-12 13:32:36.978833,369,SELL,104603.3,0.01,CBROBTCxstrata1x369
2025-05-12 13:32:36.978837,370,BUY,103603.3,0.01,CBROBTCxstrata1x370
2025-05-12 13:32:36.978839,370,BUY,103603.3,0.01,CBROBTCxstrata1x370
2025-05-12 13:32:37.888705,371,SELL,104599.1,0.01,CBROBTCxstrata1x371
2025-05-12 13:32:37.888708,371,SELL,104599.1,0.01,CBROBTCxstrata1x371
2025-05-12 13:32:37.888710,372,BUY,103599.1,0.01,CBROBTCxstrata1x372
2025-05-12 13:32:37.888712,372,BUY,103599.1,0.01,CBROBTCxstrata1x372
2025-05-12 13:32:38.648733,373,SELL,104590.2,0.01,CBROBTCxstrata1x373
2025-05-12 13:32:38.648739,373,SELL,104590.2,0.01,CBROBTCxstrata1x373
2025-05-12 13:32:38.648744,374,BUY,103590.2,0.01,CBROBTCxstrata1x374
2025-05-12 13:32:38.648748,374,BUY,103590.2,0.01,CBROBTCxstrata1x374
2025-05-12 13:32:39.278533,375,SELL,104599.0,0.01,CBROBTCxstrata1x375
2025-05-12 13:32:39.278537,375,SELL,104599.0,0.01,CBROBTCxstrata1x375
2025-05-12 13:32:39.278540,376,BUY,103599.0,0.01,CBROBTCxstrata1x376
2025-05-12 13:32:39.278542,376,BUY,103599.0,0.01,CBROBTCxstrata1x376
2025-05-12 13:32:39.488758,377,SELL,104609.6,0.01,CBROBTCxstrata1x377
2025-05-12 13:32:39.488761,377,SELL,104609.6,0.01,CBROBTCxstrata1x377
2025-05-12 13:32:39.488764,378,BUY,103609.6,0.01,CBROBTCxstrata1x378
2025-05-12 13:32:39.488766,378,BUY,103609.6,0.01,CBROBTCxstrata1x378
2025-05-12 13:32:39.628653,379,SELL,104620.4,0.01,CBROBTCxstrata1x379
2025-05-12 13:32:39.628656,379,SELL,104620.4,0.01,CBROBTCxstrata1x379
2025-05-12 13:32:39.628660,380,BUY,103620.4,0.01,CBROBTCxstrata1x380
2025-05-12 13:32:39.628663,380,BUY,103620.4,0.01,CBROBTCxstrata1x380
2025-05-12 13:32:39.948755,381,SELL,104633.6,0.01,CBROBTCxstrata1x381
2025-05-12 13:32:39.948758,381,SELL,104633.6,0.01,CBROBTCxstrata1x381
2025-05-12 13:32:39.948762,382,BUY,103633.6,0.01,CBROBTCxstrata1x382
2025-05-12 13:32:39.948765,382,BUY,103633.6,0.01,CBROBTCxstrata1x382
2025-05-12 13:32:41.068841,383,SELL,104627.6,0.01,CBROBTCxstrata1x383
2025-05-12 13:32:41.068844,383,SELL,104627.6,0.01,CBROBTCxstrata1x383
2025-05-12 13:32:41.068847,384,BUY,103627.6,0.01,CBROBTCxstrata1x384
2025-05-12 13:32:41.068849,384,BUY,103627.6,0.01,CBROBTCxstrata1x384
2025-05-12 13:32:41.549115,385,SELL,104617.3,0.01,CBROBTCxstrata1x385
2025-05-12 13:32:41.549118,385,SELL,104617.3,0.01,CBROBTCxstrata1x385
2025-05-12 13:32:41.549122,386,BUY,103617.3,0.01,CBROBTCxstrata1x386
2025-05-12 13:32:41.549123,386,BUY,103617.3,0.01,CBROBTCxstrata1x386
2025-05-12 13:32:42.178504,387,SELL,104622.8,0.01,CBROBTCxstrata1x387
2025-05-12 13:32:42.178507,387,SELL,104622.8,0.01,CBROBTCxstrata1x387
2025-05-12 13:32:42.178509,388,BUY,103622.8,0.01,CBROBTCxstrata1x388
2025-05-12 13:32:42.178511,388,BUY,103622.8,0.01,CBROBTCxstrata1x388
2025-05-12 13:32:42.658657,389,SELL,104614.1,0.01,CBROBTCxstrata1x389
2025-05-12 13:32:42.658660,389,SELL,104614.1,0.01,CBROBTCxstrata1x389
2025-05-12 13:32:42.658663,390,BUY,103614.1,0.01,CBROBTCxstrata1x390
2025-05-12 13:32:42.658665,390,BUY,103614.1,0.01,CBROBTCxstrata1x390
2025-05-12 13:32:45.419054,391,SELL,104603.9,0.01,CBROBTCxstrata1x391
2025-05-12 13:32:45.419058,391,SELL,104603.9,0.01,CBROBTCxstrata1x391
2025-05-12 13:32:45.419063,392,BUY,103603.9,0.01,CBROBTCxstrata1x392
2025-05-12 13:32:45.419066,392,BUY,103603.9,0.01,CBROBTCxstrata1x392
2025-05-12 13:32:47.829592,393,SELL,104611.0,0.01,CBROBTCxstrata1x393
2025-05-12 13:32:47.829596,393,SELL,104611.0,0.01,CBROBTCxstrata1x393
2025-05-12 13:32:47.829598,394,BUY,103611.0,0.01,CBROBTCxstrata1x394
2025-05-12 13:32:47.829600,394,BUY,103611.0,0.01,CBROBTCxstrata1x394
2025-05-12 13:32:52.178695,395,SELL,104621.4,0.01,CBROBTCxstrata1x395
2025-05-12 13:32:52.178700,395,SELL,104621.4,0.01,CBROBTCxstrata1x395
2025-05-12 13:32:52.178703,396,BUY,103621.4,0.01,CBROBTCxstrata1x396
2025-05-12 13:32:52.178706,396,BUY,103621.4,0.01,CBROBTCxstrata1x396
2025-05-12 13:32:52.309942,397,SELL,104634.1,0.01,CBROBTCxstrata1x397
2025-05-12 13:32:52.309945,397,SELL,104634.1,0.01,CBROBTCxstrata1x397
2025-05-12 13:32:52.309948,398,BUY,103634.1,0.01,CBROBTCxstrata1x398
2025-05-12 13:32:52.309949,398,BUY,103634.1,0.01,CBROBTCxstrata1x398
2025-05-12 13:32:52.440090,399,SELL,104646.9,0.01,CBROBTCxstrata1x399
2025-05-12 13:32:52.440094,399,SELL,104646.9,0.01,CBROBTCxstrata1x399
2025-05-12 13:32:52.440096,400,BUY,103646.9,0.01,CBROBTCxstrata1x400
2025-05-12 13:32:52.440098,400,BUY,103646.9,0.01,CBROBTCxstrata1x400
2025-05-12 13:32:53.478876,401,SELL,104659.8,0.01,CBROBTCxstrata1x401
2025-05-12 13:32:53.478880,401,SELL,104659.8,0.01,CBROBTCxstrata1x401
2025-05-12 13:32:53.478882,402,BUY,103659.8,0.01,CBROBTCxstrata1x402
2025-05-12 13:32:53.478884,402,BUY,103659.8,0.01,CBROBTCxstrata1x402
2025-05-12 13:32:53.610535,403,SELL,104675.9,0.01,CBROBTCxstrata1x403
2025-05-12 13:32:53.610539,403,SELL,104675.9,0.01,CBROBTCxstrata1x403
2025-05-12 13:32:53.610544,404,BUY,103675.9,0.01,CBROBTCxstrata1x404
2025-05-12 13:32:53.610547,404,BUY,103675.9,0.01,CBROBTCxstrata1x404
2025-05-12 13:32:56.398989,405,SELL,104668.5,0.01,CBROBTCxstrata1x405
2025-05-12 13:32:56.398994,405,SELL,104668.5,0.01,CBROBTCxstrata1x405
2025-05-12 13:32:56.398998,406,BUY,103668.5,0.01,CBROBTCxstrata1x406
2025-05-12 13:32:56.399001,406,BUY,103668.5,0.01,CBROBTCxstrata1x406
2025-05-12 13:32:56.848492,407,SELL,104676.9,0.01,CBROBTCxstrata1x407
2025-05-12 13:32:56.848495,407,SELL,104676.9,0.01,CBROBTCxstrata1x407
2025-05-12 13:32:56.848499,408,BUY,103676.9,0.01,CBROBTCxstrata1x408
2025-05-12 13:32:56.848501,408,BUY,103676.9,0.01,CBROBTCxstrata1x408
2025-05-12 13:32:59.199004,409,SELL,104687.9,0.01,CBROBTCxstrata1x409
2025-05-12 13:32:59.199008,409,SELL,104687.9,0.01,CBROBTCxstrata1x409
2025-05-12 13:32:59.199011,410,BUY,103687.9,0.01,CBROBTCxstrata1x410
2025-05-12 13:32:59.199013,410,BUY,103687.9,0.01,CBROBTCxstrata1x410
2025-05-12 13:32:59.333752,411,SELL,104701.0,0.01,CBROBTCxstrata1x411
2025-05-12 13:32:59.333756,411,SELL,104701.0,0.01,CBROBTCxstrata1x411
2025-05-12 13:32:59.333765,412,BUY,103701.0,0.01,CBROBTCxstrata1x412
2025-05-12 13:32:59.333768,412,BUY,103701.0,0.01,CBROBTCxstrata1x412
2025-05-12 13:33:00.119176,413,SELL,104714.7,0.01,CBROBTCxstrata1x413
2025-05-12 13:33:00.119180,413,SELL,104714.7,0.01,CBROBTCxstrata1x413
2025-05-12 13:33:00.119186,414,BUY,103714.7,0.01,CBROBTCxstrata1x414
2025-05-12 13:33:00.119189,414,BUY,103714.7,0.01,CBROBTCxstrata1x414
2025-05-12 13:33:01.321884,415,SELL,104725.7,0.01,CBROBTCxstrata1x415
2025-05-12 13:33:01.321889,415,SELL,104725.7,0.01,CBROBTCxstrata1x415
2025-05-12 13:33:01.321899,416,BUY,103725.7,0.01,CBROBTCxstrata1x416
2025-05-12 13:33:01.321903,416,BUY,103725.7,0.01,CBROBTCxstrata1x416
2025-05-12 13:33:01.458601,417,SELL,104738.8,0.01,CBROBTCxstrata1x417
2025-05-12 13:33:01.458604,417,SELL,104738.8,0.01,CBROBTCxstrata1x417
2025-05-12 13:33:01.458607,418,BUY,103738.8,0.01,CBROBTCxstrata1x418
2025-05-12 13:33:01.458610,418,BUY,103738.8,0.01,CBROBTCxstrata1x418
2025-05-12 13:33:01.718826,419,SELL,104732.3,0.01,CBROBTCxstrata1x419
2025-05-12 13:33:01.718830,419,SELL,104732.3,0.01,CBROBTCxstrata1x419
2025-05-12 13:33:01.718833,420,BUY,103732.3,0.01,CBROBTCxstrata1x420
2025-05-12 13:33:01.718835,420,BUY,103732.3,0.01,CBROBTCxstrata1x420
2025-05-12 13:33:02.278700,421,SELL,104738.7,0.01,CBROBTCxstrata1x421
2025-05-12 13:33:02.278703,421,SELL,104738.7,0.01,CBROBTCxstrata1x421
2025-05-12 13:33:02.278707,422,BUY,103738.7,0.01,CBROBTCxstrata1x422
2025-05-12 13:33:02.278709,422,BUY,103738.7,0.01,CBROBTCxstrata1x422
2025-05-12 13:33:02.768827,423,SELL,104732.3,0.01,CBROBTCxstrata1x423
2025-05-12 13:33:02.768830,423,SELL,104732.3,0.01,CBROBTCxstrata1x423
2025-05-12 13:33:02.768833,424,BUY,103732.3,0.01,CBROBTCxstrata1x424
2025-05-12 13:33:02.768835,424,BUY,103732.3,0.01,CBROBTCxstrata1x424
2025-05-12 13:33:03.619168,425,SELL,104740.9,0.01,CBROBTCxstrata1x425
2025-05-12 13:33:03.619171,425,SELL,104740.9,0.01,CBROBTCxstrata1x425
2025-05-12 13:33:03.619173,426,BUY,103740.9,0.01,CBROBTCxstrata1x426
2025-05-12 13:33:03.619175,426,BUY,103740.9,0.01,CBROBTCxstrata1x426
2025-05-12 13:33:03.768672,427,SELL,104751.0,0.01,CBROBTCxstrata1x427
2025-05-12 13:33:03.768678,427,SELL,104751.0,0.01,CBROBTCxstrata1x427
2025-05-12 13:33:03.768682,428,BUY,103751.0,0.01,CBROBTCxstrata1x428
2025-05-12 13:33:03.768685,428,BUY,103751.0,0.01,CBROBTCxstrata1x428
2025-05-12 13:33:04.608942,429,SELL,104761.1,0.01,CBROBTCxstrata1x429
2025-05-12 13:33:04.608948,429,SELL,104761.1,0.01,CBROBTCxstrata1x429
2025-05-12 13:33:04.608951,430,BUY,103761.1,0.01,CBROBTCxstrata1x430
2025-05-12 13:33:04.608955,430,BUY,103761.1,0.01,CBROBTCxstrata1x430
2025-05-12 13:33:04.748620,431,SELL,104771.4,0.01,CBROBTCxstrata1x431
2025-05-12 13:33:04.748623,431,SELL,104771.4,0.01,CBROBTCxstrata1x431
2025-05-12 13:33:04.748626,432,BUY,103771.4,0.01,CBROBTCxstrata1x432
2025-05-12 13:33:04.748627,432,BUY,103771.4,0.01,CBROBTCxstrata1x432
2025-05-12 13:33:05.668826,433,SELL,104783.3,0.01,CBROBTCxstrata1x433
2025-05-12 13:33:05.668830,433,SELL,104783.3,0.01,CBROBTCxstrata1x433
2025-05-12 13:33:05.668833,434,BUY,103783.3,0.01,CBROBTCxstrata1x434
2025-05-12 13:33:05.668837,434,BUY,103783.3,0.01,CBROBTCxstrata1x434
2025-05-12 13:33:05.808967,435,SELL,104795.2,0.01,CBROBTCxstrata1x435
2025-05-12 13:33:05.808971,435,SELL,104795.2,0.01,CBROBTCxstrata1x435
2025-05-12 13:33:05.808974,436,BUY,103795.2,0.01,CBROBTCxstrata1x436
2025-05-12 13:33:05.808976,436,BUY,103795.2,0.01,CBROBTCxstrata1x436
2025-05-12 13:33:06.148639,437,SELL,104807.1,0.01,CBROBTCxstrata1x437
2025-05-12 13:33:06.148642,437,SELL,104807.1,0.01,CBROBTCxstrata1x437
2025-05-12 13:33:06.148645,438,BUY,103807.1,0.01,CBROBTCxstrata1x438
2025-05-12 13:33:06.148647,438,BUY,103807.1,0.01,CBROBTCxstrata1x438
2025-05-12 13:33:07.151750,439,SELL,104817.9,0.01,CBROBTCxstrata1x439
2025-05-12 13:33:07.151755,439,SELL,104817.9,0.01,CBROBTCxstrata1x439
2025-05-12 13:33:07.151761,440,BUY,103817.9,0.01,CBROBTCxstrata1x440
2025-05-12 13:33:07.151764,440,BUY,103817.9,0.01,CBROBTCxstrata1x440
2025-05-12 13:33:07.288502,441,SELL,104833.9,0.01,CBROBTCxstrata1x441
2025-05-12 13:33:07.288507,441,SELL,104833.9,0.01,CBROBTCxstrata1x441
2025-05-12 13:33:07.288512,442,BUY,103833.9,0.01,CBROBTCxstrata1x442
2025-05-12 13:33:07.288515,442,BUY,103833.9,0.01,CBROBTCxstrata1x442
2025-05-12 13:33:07.568642,443,SELL,104845.9,0.01,CBROBTCxstrata1x443
2025-05-12 13:33:07.568647,443,SELL,104845.9,0.01,CBROBTCxstrata1x443
2025-05-12 13:33:07.568651,444,BUY,103845.9,0.01,CBROBTCxstrata1x444
2025-05-12 13:33:07.568654,444,BUY,103845.9,0.01,CBROBTCxstrata1x444
2025-05-12 13:33:07.698931,445,SELL,104886.9,0.01,CBROBTCxstrata1x445
2025-05-12 13:33:07.698935,445,SELL,104886.9,0.01,CBROBTCxstrata1x445
2025-05-12 13:33:07.698938,446,BUY,103886.9,0.01,CBROBTCxstrata1x446
2025-05-12 13:33:07.698941,446,BUY,103886.9,0.01,CBROBTCxstrata1x446
2025-05-12 13:33:07.830885,447,SELL,104916.7,0.01,CBROBTCxstrata1x447
2025-05-12 13:33:07.830891,447,SELL,104916.7,0.01,CBROBTCxstrata1x447
2025-05-12 13:33:07.830902,448,BUY,103916.7,0.01,CBROBTCxstrata1x448
2025-05-12 13:33:07.830905,448,BUY,103916.7,0.01,CBROBTCxstrata1x448
2025-05-12 13:33:08.022769,449,SELL,104912.8,0.01,CBROBTCxstrata1x449
2025-05-12 13:33:08.022773,449,SELL,104912.8,0.01,CBROBTCxstrata1x449
2025-05-12 13:33:08.022775,450,BUY,103912.8,0.01,CBROBTCxstrata1x450
2025-05-12 13:33:08.022777,450,BUY,103912.8,0.01,CBROBTCxstrata1x450
2025-05-12 13:33:08.156168,451,SELL,104896.7,0.01,CBROBTCxstrata1x451
2025-05-12 13:33:08.156173,451,SELL,104896.7,0.01,CBROBTCxstrata1x451
2025-05-12 13:33:08.156179,452,BUY,103896.7,0.01,CBROBTCxstrata1x452
2025-05-12 13:33:08.156182,452,BUY,103896.7,0.01,CBROBTCxstrata1x452
2025-05-12 13:33:08.292670,453,SELL,104906.0,0.01,CBROBTCxstrata1x453
2025-05-12 13:33:08.292675,453,SELL,104906.0,0.01,CBROBTCxstrata1x453
2025-05-12 13:33:08.292679,454,BUY,103906.0,0.01,CBROBTCxstrata1x454
2025-05-12 13:33:08.292682,454,BUY,103906.0,0.01,CBROBTCxstrata1x454
2025-05-12 13:33:09.202866,455,SELL,104916.4,0.01,CBROBTCxstrata1x455
2025-05-12 13:33:09.202868,455,SELL,104916.4,0.01,CBROBTCxstrata1x455
2025-05-12 13:33:09.202872,456,BUY,103916.4,0.01,CBROBTCxstrata1x456
2025-05-12 13:33:09.202874,456,BUY,103916.4,0.01,CBROBTCxstrata1x456
2025-05-12 13:33:09.452898,457,SELL,104911.2,0.01,CBROBTCxstrata1x457
2025-05-12 13:33:09.452902,457,SELL,104911.2,0.01,CBROBTCxstrata1x457
2025-05-12 13:33:09.452904,458,BUY,103911.2,0.01,CBROBTCxstrata1x458
2025-05-12 13:33:09.452907,458,BUY,103911.2,0.01,CBROBTCxstrata1x458
2025-05-12 13:33:09.582931,459,SELL,104888.7,0.01,CBROBTCxstrata1x459
2025-05-12 13:33:09.582937,459,SELL,104888.7,0.01,CBROBTCxstrata1x459
2025-05-12 13:33:09.582940,460,BUY,103888.7,0.01,CBROBTCxstrata1x460
2025-05-12 13:33:09.582942,460,BUY,103888.7,0.01,CBROBTCxstrata1x460
2025-05-12 13:33:09.714605,461,SELL,104872.0,0.01,CBROBTCxstrata1x461
2025-05-12 13:33:09.714610,461,SELL,104872.0,0.01,CBROBTCxstrata1x461
2025-05-12 13:33:09.714614,462,BUY,103872.0,0.01,CBROBTCxstrata1x462
2025-05-12 13:33:09.714617,462,BUY,103872.0,0.01,CBROBTCxstrata1x462
2025-05-12 13:33:10.022838,463,SELL,104875.3,0.01,CBROBTCxstrata1x463
2025-05-12 13:33:10.022841,463,SELL,104875.3,0.01,CBROBTCxstrata1x463
2025-05-12 13:33:10.022843,464,BUY,103875.3,0.01,CBROBTCxstrata1x464
2025-05-12 13:33:10.022845,464,BUY,103875.3,0.01,CBROBTCxstrata1x464
2025-05-12 13:33:10.303311,465,SELL,104884.2,0.01,CBROBTCxstrata1x465
2025-05-12 13:33:10.303317,465,SELL,104884.2,0.01,CBROBTCxstrata1x465
2025-05-12 13:33:10.303321,466,BUY,103884.2,0.01,CBROBTCxstrata1x466
2025-05-12 13:33:10.303323,466,BUY,103884.2,0.01,CBROBTCxstrata1x466
2025-05-12 13:33:10.463170,467,SELL,104876.8,0.01,CBROBTCxstrata1x467
2025-05-12 13:33:10.463176,467,SELL,104876.8,0.01,CBROBTCxstrata1x467
2025-05-12 13:33:10.463182,468,BUY,103876.8,0.01,CBROBTCxstrata1x468
2025-05-12 13:33:10.463184,468,BUY,103876.8,0.01,CBROBTCxstrata1x468
2025-05-12 13:33:11.332862,469,SELL,104865.3,0.01,CBROBTCxstrata1x469
2025-05-12 13:33:11.332865,469,SELL,104865.3,0.01,CBROBTCxstrata1x469
2025-05-12 13:33:11.332868,470,BUY,103865.3,0.01,CBROBTCxstrata1x470
2025-05-12 13:33:11.332872,470,BUY,103865.3,0.01,CBROBTCxstrata1x470
2025-05-12 13:33:11.472648,471,SELL,104854.1,0.01,CBROBTCxstrata1x471
2025-05-12 13:33:11.472652,471,SELL,104854.1,0.01,CBROBTCxstrata1x471
2025-05-12 13:33:11.472654,472,BUY,103854.1,0.01,CBROBTCxstrata1x472
2025-05-12 13:33:11.472656,472,BUY,103854.1,0.01,CBROBTCxstrata1x472
2025-05-12 13:33:13.582588,473,SELL,104843.6,0.01,CBROBTCxstrata1x473
2025-05-12 13:33:13.582597,473,SELL,104843.6,0.01,CBROBTCxstrata1x473
2025-05-12 13:33:13.582608,474,BUY,103843.6,0.01,CBROBTCxstrata1x474
2025-05-12 13:33:13.582613,474,BUY,103843.6,0.01,CBROBTCxstrata1x474
2025-05-12 13:33:13.912993,475,SELL,104833.0,0.01,CBROBTCxstrata1x475
2025-05-12 13:33:13.912998,475,SELL,104833.0,0.01,CBROBTCxstrata1x475
2025-05-12 13:33:13.913001,476,BUY,103833.0,0.01,CBROBTCxstrata1x476
2025-05-12 13:33:13.913004,476,BUY,103833.0,0.01,CBROBTCxstrata1x476
2025-05-12 13:33:14.092807,477,SELL,104822.2,0.01,CBROBTCxstrata1x477
2025-05-12 13:33:14.092811,477,SELL,104822.2,0.01,CBROBTCxstrata1x477
2025-05-12 13:33:14.092814,478,BUY,103822.2,0.01,CBROBTCxstrata1x478
2025-05-12 13:33:14.092817,478,BUY,103822.2,0.01,CBROBTCxstrata1x478
2025-05-12 13:33:14.542802,479,SELL,104809.6,0.01,CBROBTCxstrata1x479
2025-05-12 13:33:14.542804,479,SELL,104809.6,0.01,CBROBTCxstrata1x479
2025-05-12 13:33:14.542807,480,BUY,103809.6,0.01,CBROBTCxstrata1x480
2025-05-12 13:33:14.542809,480,BUY,103809.6,0.01,CBROBTCxstrata1x480
2025-05-12 13:33:14.681049,481,SELL,104798.1,0.01,CBROBTCxstrata1x481
2025-05-12 13:33:14.681053,481,SELL,104798.1,0.01,CBROBTCxstrata1x481
2025-05-12 13:33:14.681056,482,BUY,103798.1,0.01,CBROBTCxstrata1x482
2025-05-12 13:33:14.681060,482,BUY,103798.1,0.01,CBROBTCxstrata1x482
2025-05-12 13:33:14.811264,483,SELL,104785.6,0.01,CBROBTCxstrata1x483
2025-05-12 13:33:14.811268,483,SELL,104785.6,0.01,CBROBTCxstrata1x483
2025-05-12 13:33:14.811272,484,BUY,103785.6,0.01,CBROBTCxstrata1x484
2025-05-12 13:33:14.811275,484,BUY,103785.6,0.01,CBROBTCxstrata1x484
2025-05-12 13:33:16.223135,485,SELL,104770.0,0.01,CBROBTCxstrata1x485
2025-05-12 13:33:16.223138,485,SELL,104770.0,0.01,CBROBTCxstrata1x485
2025-05-12 13:33:16.223141,486,BUY,103770.0,0.01,CBROBTCxstrata1x486
2025-05-12 13:33:16.223143,486,BUY,103770.0,0.01,CBROBTCxstrata1x486
2025-05-12 13:33:17.222853,487,SELL,104756.9,0.01,CBROBTCxstrata1x487
2025-05-12 13:33:17.222858,487,SELL,104756.9,0.01,CBROBTCxstrata1x487
2025-05-12 13:33:17.222860,488,BUY,103756.9,0.01,CBROBTCxstrata1x488
2025-05-12 13:33:17.222862,488,BUY,103756.9,0.01,CBROBTCxstrata1x488
2025-05-12 13:33:17.792722,489,SELL,104762.2,0.01,CBROBTCxstrata1x489
2025-05-12 13:33:17.792725,489,SELL,104762.2,0.01,CBROBTCxstrata1x489
2025-05-12 13:33:17.792728,490,BUY,103762.2,0.01,CBROBTCxstrata1x490
2025-05-12 13:33:17.792730,490,BUY,103762.2,0.01,CBROBTCxstrata1x490
2025-05-12 13:33:18.722686,491,SELL,104755.3,0.01,CBROBTCxstrata1x491
2025-05-12 13:33:18.722690,491,SELL,104755.3,0.01,CBROBTCxstrata1x491
2025-05-12 13:33:18.722693,492,BUY,103755.3,0.01,CBROBTCxstrata1x492
2025-05-12 13:33:18.722695,492,BUY,103755.3,0.01,CBROBTCxstrata1x492
2025-05-12 13:33:18.992607,493,SELL,104744.5,0.01,CBROBTCxstrata1x493
2025-05-12 13:33:18.992611,493,SELL,104744.5,0.01,CBROBTCxstrata1x493
2025-05-12 13:33:18.992614,494,BUY,103744.5,0.01,CBROBTCxstrata1x494
2025-05-12 13:33:18.992617,494,BUY,103744.5,0.01,CBROBTCxstrata1x494
2025-05-12 13:33:19.292876,495,SELL,104749.6,0.01,CBROBTCxstrata1x495
2025-05-12 13:33:19.292880,495,SELL,104749.6,0.01,CBROBTCxstrata1x495
2025-05-12 13:33:19.292887,496,BUY,103749.6,0.01,CBROBTCxstrata1x496
2025-05-12 13:33:19.292891,496,BUY,103749.6,0.01,CBROBTCxstrata1x496
2025-05-12 13:33:21.013096,497,SELL,104742.8,0.01,CBROBTCxstrata1x497
2025-05-12 13:33:21.013102,497,SELL,104742.8,0.01,CBROBTCxstrata1x497
2025-05-12 13:33:21.013107,498,BUY,103742.8,0.01,CBROBTCxstrata1x498
2025-05-12 13:33:21.013110,498,BUY,103742.8,0.01,CBROBTCxstrata1x498
2025-05-12 13:33:22.023028,499,SELL,104751.1,0.01,CBROBTCxstrata1x499
2025-05-12 13:33:22.023032,499,SELL,104751.1,0.01,CBROBTCxstrata1x499
2025-05-12 13:33:22.023035,500,BUY,103751.1,0.01,CBROBTCxstrata1x500
2025-05-12 13:33:22.023038,500,BUY,103751.1,0.01,CBROBTCxstrata1x500
2025-05-12 13:33:22.292701,501,SELL,104765.5,0.01,CBROBTCxstrata1x501
2025-05-12 13:33:22.292705,501,SELL,104765.5,0.01,CBROBTCxstrata1x501
2025-05-12 13:33:22.292707,502,BUY,103765.5,0.01,CBROBTCxstrata1x502
2025-05-12 13:33:22.292710,502,BUY,103765.5,0.01,CBROBTCxstrata1x502
2025-05-12 13:33:22.432691,503,SELL,104778.7,0.01,CBROBTCxstrata1x503
2025-05-12 13:33:22.432695,503,SELL,104778.7,0.01,CBROBTCxstrata1x503
2025-05-12 13:33:22.432698,504,BUY,103778.7,0.01,CBROBTCxstrata1x504
2025-05-12 13:33:22.432700,504,BUY,103778.7,0.01,CBROBTCxstrata1x504
2025-05-12 13:33:22.572610,505,SELL,104791.8,0.01,CBROBTCxstrata1x505
2025-05-12 13:33:22.572615,505,SELL,104791.8,0.01,CBROBTCxstrata1x505
2025-05-12 13:33:22.572618,506,BUY,103791.8,0.01,CBROBTCxstrata1x506
2025-05-12 13:33:22.572622,506,BUY,103791.8,0.01,CBROBTCxstrata1x506
2025-05-12 13:33:22.882875,507,SELL,104803.1,0.01,CBROBTCxstrata1x507
2025-05-12 13:33:22.882878,507,SELL,104803.1,0.01,CBROBTCxstrata1x507
2025-05-12 13:33:22.882880,508,BUY,103803.1,0.01,CBROBTCxstrata1x508
2025-05-12 13:33:22.882882,508,BUY,103803.1,0.01,CBROBTCxstrata1x508
2025-05-12 13:33:25.682527,509,SELL,104798.1,0.01,CBROBTCxstrata1x509
2025-05-12 13:33:25.682531,509,SELL,104798.1,0.01,CBROBTCxstrata1x509
2025-05-12 13:33:25.682534,510,BUY,103798.1,0.01,CBROBTCxstrata1x510
2025-05-12 13:33:25.682536,510,BUY,103798.1,0.01,CBROBTCxstrata1x510
2025-05-12 13:33:26.372939,511,SELL,104788.2,0.01,CBROBTCxstrata1x511
2025-05-12 13:33:26.372945,511,SELL,104788.2,0.01,CBROBTCxstrata1x511
2025-05-12 13:33:26.372950,512,BUY,103788.2,0.01,CBROBTCxstrata1x512
2025-05-12 13:33:26.372953,512,BUY,103788.2,0.01,CBROBTCxstrata1x512
2025-05-12 13:33:27.072673,513,SELL,104797.0,0.01,CBROBTCxstrata1x513
2025-05-12 13:33:27.072677,513,SELL,104797.0,0.01,CBROBTCxstrata1x513
2025-05-12 13:33:27.072682,514,BUY,103797.0,0.01,CBROBTCxstrata1x514
2025-05-12 13:33:27.072686,514,BUY,103797.0,0.01,CBROBTCxstrata1x514
2025-05-12 13:33:27.992805,515,SELL,104809.3,0.01,CBROBTCxstrata1x515
2025-05-12 13:33:27.992809,515,SELL,104809.3,0.01,CBROBTCxstrata1x515
2025-05-12 13:33:27.992812,516,BUY,103809.3,0.01,CBROBTCxstrata1x516
2025-05-12 13:33:27.992815,516,BUY,103809.3,0.01,CBROBTCxstrata1x516
2025-05-12 13:33:28.312744,517,SELL,104804.5,0.01,CBROBTCxstrata1x517
2025-05-12 13:33:28.312747,517,SELL,104804.5,0.01,CBROBTCxstrata1x517
2025-05-12 13:33:28.312749,518,BUY,103804.5,0.01,CBROBTCxstrata1x518
2025-05-12 13:33:28.312751,518,BUY,103804.5,0.01,CBROBTCxstrata1x518
2025-05-12 13:33:28.772708,519,SELL,104795.5,0.01,CBROBTCxstrata1x519
2025-05-12 13:33:28.772711,519,SELL,104795.5,0.01,CBROBTCxstrata1x519
2025-05-12 13:33:28.772713,520,BUY,103795.5,0.01,CBROBTCxstrata1x520
2025-05-12 13:33:28.772715,520,BUY,103795.5,0.01,CBROBTCxstrata1x520
2025-05-12 13:33:28.903112,521,SELL,104779.4,0.01,CBROBTCxstrata1x521
2025-05-12 13:33:28.903115,521,SELL,104779.4,0.01,CBROBTCxstrata1x521
2025-05-12 13:33:28.903119,522,BUY,103779.4,0.01,CBROBTCxstrata1x522
2025-05-12 13:33:28.903122,522,BUY,103779.4,0.01,CBROBTCxstrata1x522
2025-05-12 13:33:30.222627,523,SELL,104783.1,0.01,CBROBTCxstrata1x523
2025-05-12 13:33:30.222630,523,SELL,104783.1,0.01,CBROBTCxstrata1x523
2025-05-12 13:33:30.222634,524,BUY,103783.1,0.01,CBROBTCxstrata1x524
2025-05-12 13:33:30.222636,524,BUY,103783.1,0.01,CBROBTCxstrata1x524
2025-05-12 13:33:30.582547,525,SELL,104776.3,0.01,CBROBTCxstrata1x525
2025-05-12 13:33:30.582553,525,SELL,104776.3,0.01,CBROBTCxstrata1x525
2025-05-12 13:33:30.582557,526,BUY,103776.3,0.01,CBROBTCxstrata1x526
2025-05-12 13:33:30.582560,526,BUY,103776.3,0.01,CBROBTCxstrata1x526
2025-05-12 13:33:31.282656,527,SELL,104783.5,0.01,CBROBTCxstrata1x527
2025-05-12 13:33:31.282660,527,SELL,104783.5,0.01,CBROBTCxstrata1x527
2025-05-12 13:33:31.282663,528,BUY,103783.5,0.01,CBROBTCxstrata1x528
2025-05-12 13:33:31.282666,528,BUY,103783.5,0.01,CBROBTCxstrata1x528
2025-05-12 13:33:32.242700,529,SELL,104795.1,0.01,CBROBTCxstrata1x529
2025-05-12 13:33:32.242703,529,SELL,104795.1,0.01,CBROBTCxstrata1x529
2025-05-12 13:33:32.242706,530,BUY,103795.1,0.01,CBROBTCxstrata1x530
2025-05-12 13:33:32.242707,530,BUY,103795.1,0.01,CBROBTCxstrata1x530
2025-05-12 13:33:33.212791,531,SELL,104806.4,0.01,CBROBTCxstrata1x531
2025-05-12 13:33:33.212795,531,SELL,104806.4,0.01,CBROBTCxstrata1x531
2025-05-12 13:33:33.212800,532,BUY,103806.4,0.01,CBROBTCxstrata1x532
2025-05-12 13:33:33.212804,532,BUY,103806.4,0.01,CBROBTCxstrata1x532
2025-05-12 13:33:33.833062,533,SELL,104801.7,0.01,CBROBTCxstrata1x533
2025-05-12 13:33:33.833067,533,SELL,104801.7,0.01,CBROBTCxstrata1x533
2025-05-12 13:33:33.833071,534,BUY,103801.7,0.01,CBROBTCxstrata1x534
2025-05-12 13:33:33.833074,534,BUY,103801.7,0.01,CBROBTCxstrata1x534
2025-05-12 13:33:34.042702,535,SELL,104791.3,0.01,CBROBTCxstrata1x535
2025-05-12 13:33:34.042708,535,SELL,104791.3,0.01,CBROBTCxstrata1x535
2025-05-12 13:33:34.042711,536,BUY,103791.3,0.01,CBROBTCxstrata1x536
2025-05-12 13:33:34.042714,536,BUY,103791.3,0.01,CBROBTCxstrata1x536
2025-05-12 13:33:34.772601,537,SELL,104779.9,0.01,CBROBTCxstrata1x537
2025-05-12 13:33:34.772605,537,SELL,104779.9,0.01,CBROBTCxstrata1x537
2025-05-12 13:33:34.772607,538,BUY,103779.9,0.01,CBROBTCxstrata1x538
2025-05-12 13:33:34.772609,538,BUY,103779.9,0.01,CBROBTCxstrata1x538
2025-05-12 13:33:35.062837,539,SELL,104788.1,0.01,CBROBTCxstrata1x539
2025-05-12 13:33:35.062841,539,SELL,104788.1,0.01,CBROBTCxstrata1x539
2025-05-12 13:33:35.062843,540,BUY,103788.1,0.01,CBROBTCxstrata1x540
2025-05-12 13:33:35.062845,540,BUY,103788.1,0.01,CBROBTCxstrata1x540
2025-05-12 13:33:35.883134,541,SELL,104782.3,0.01,CBROBTCxstrata1x541
2025-05-12 13:33:35.883137,541,SELL,104782.3,0.01,CBROBTCxstrata1x541
2025-05-12 13:33:35.883140,542,BUY,103782.3,0.01,CBROBTCxstrata1x542
2025-05-12 13:33:35.883141,542,BUY,103782.3,0.01,CBROBTCxstrata1x542
2025-05-12 13:33:37.032774,543,SELL,104769.0,0.01,CBROBTCxstrata1x543
2025-05-12 13:33:37.032778,543,SELL,104769.0,0.01,CBROBTCxstrata1x543
2025-05-12 13:33:37.032780,544,BUY,103769.0,0.01,CBROBTCxstrata1x544
2025-05-12 13:33:37.032783,544,BUY,103769.0,0.01,CBROBTCxstrata1x544
2025-05-12 13:33:37.162928,545,SELL,104751.7,0.01,CBROBTCxstrata1x545
2025-05-12 13:33:37.162934,545,SELL,104751.7,0.01,CBROBTCxstrata1x545
2025-05-12 13:33:37.162938,546,BUY,103751.7,0.01,CBROBTCxstrata1x546
2025-05-12 13:33:37.162941,546,BUY,103751.7,0.01,CBROBTCxstrata1x546
2025-05-12 13:33:37.922833,547,SELL,104738.6,0.01,CBROBTCxstrata1x547
2025-05-12 13:33:37.922837,547,SELL,104738.6,0.01,CBROBTCxstrata1x547
2025-05-12 13:33:37.922841,548,BUY,103738.6,0.01,CBROBTCxstrata1x548
2025-05-12 13:33:37.922844,548,BUY,103738.6,0.01,CBROBTCxstrata1x548
2025-05-12 13:33:38.653114,549,SELL,104727.3,0.01,CBROBTCxstrata1x549
2025-05-12 13:33:38.653117,549,SELL,104727.3,0.01,CBROBTCxstrata1x549
2025-05-12 13:33:38.653120,550,BUY,103727.3,0.01,CBROBTCxstrata1x550
2025-05-12 13:33:38.653122,550,BUY,103727.3,0.01,CBROBTCxstrata1x550
2025-05-12 13:33:39.502919,551,SELL,104734.7,0.01,CBROBTCxstrata1x551
2025-05-12 13:33:39.502922,551,SELL,104734.7,0.01,CBROBTCxstrata1x551
2025-05-12 13:33:39.502924,552,BUY,103734.7,0.01,CBROBTCxstrata1x552
2025-05-12 13:33:39.502927,552,BUY,103734.7,0.01,CBROBTCxstrata1x552
2025-05-12 13:33:39.635450,553,SELL,104727.8,0.01,CBROBTCxstrata1x553
2025-05-12 13:33:39.635453,553,SELL,104727.8,0.01,CBROBTCxstrata1x553
2025-05-12 13:33:39.635456,554,BUY,103727.8,0.01,CBROBTCxstrata1x554
2025-05-12 13:33:39.635458,554,BUY,103727.8,0.01,CBROBTCxstrata1x554
2025-05-12 13:33:39.795735,555,SELL,104708.2,0.01,CBROBTCxstrata1x555
2025-05-12 13:33:39.795741,555,SELL,104708.2,0.01,CBROBTCxstrata1x555
2025-05-12 13:33:39.795744,556,BUY,103708.2,0.01,CBROBTCxstrata1x556
2025-05-12 13:33:39.795747,556,BUY,103708.2,0.01,CBROBTCxstrata1x556
2025-05-12 13:33:39.933051,557,SELL,104694.2,0.01,CBROBTCxstrata1x557
2025-05-12 13:33:39.933054,557,SELL,104694.2,0.01,CBROBTCxstrata1x557
2025-05-12 13:33:39.933058,558,BUY,103694.2,0.01,CBROBTCxstrata1x558
2025-05-12 13:33:39.933061,558,BUY,103694.2,0.01,CBROBTCxstrata1x558
2025-05-12 13:33:40.172935,559,SELL,104681.3,0.01,CBROBTCxstrata1x559
2025-05-12 13:33:40.172939,559,SELL,104681.3,0.01,CBROBTCxstrata1x559
2025-05-12 13:33:40.172942,560,BUY,103681.3,0.01,CBROBTCxstrata1x560
2025-05-12 13:33:40.172943,560,BUY,103681.3,0.01,CBROBTCxstrata1x560
2025-05-12 13:33:41.424037,561,SELL,104670.4,0.01,CBROBTCxstrata1x561
2025-05-12 13:33:41.424041,561,SELL,104670.4,0.01,CBROBTCxstrata1x561
2025-05-12 13:33:41.424048,562,BUY,103670.4,0.01,CBROBTCxstrata1x562
2025-05-12 13:33:41.424051,562,BUY,103670.4,0.01,CBROBTCxstrata1x562
2025-05-12 13:33:42.403661,563,SELL,104657.7,0.01,CBROBTCxstrata1x563
2025-05-12 13:33:42.403666,563,SELL,104657.7,0.01,CBROBTCxstrata1x563
2025-05-12 13:33:42.403672,564,BUY,103657.7,0.01,CBROBTCxstrata1x564
2025-05-12 13:33:42.403675,564,BUY,103657.7,0.01,CBROBTCxstrata1x564
2025-05-12 13:33:42.662811,565,SELL,104662.5,0.01,CBROBTCxstrata1x565
2025-05-12 13:33:42.662815,565,SELL,104662.5,0.01,CBROBTCxstrata1x565
2025-05-12 13:33:42.662820,566,BUY,103662.5,0.01,CBROBTCxstrata1x566
2025-05-12 13:33:42.662823,566,BUY,103662.5,0.01,CBROBTCxstrata1x566
2025-05-12 13:33:42.922625,567,SELL,104674.8,0.01,CBROBTCxstrata1x567
2025-05-12 13:33:42.922628,567,SELL,104674.8,0.01,CBROBTCxstrata1x567
2025-05-12 13:33:42.922631,568,BUY,103674.8,0.01,CBROBTCxstrata1x568
2025-05-12 13:33:42.922633,568,BUY,103674.8,0.01,CBROBTCxstrata1x568
2025-05-12 13:33:43.122835,569,SELL,104667.8,0.01,CBROBTCxstrata1x569
2025-05-12 13:33:43.122838,569,SELL,104667.8,0.01,CBROBTCxstrata1x569
2025-05-12 13:33:43.122840,570,BUY,103667.8,0.01,CBROBTCxstrata1x570
2025-05-12 13:33:43.122843,570,BUY,103667.8,0.01,CBROBTCxstrata1x570
2025-05-12 13:33:43.293036,571,SELL,104655.7,0.01,CBROBTCxstrata1x571
2025-05-12 13:33:43.293040,571,SELL,104655.7,0.01,CBROBTCxstrata1x571
2025-05-12 13:33:43.293045,572,BUY,103655.7,0.01,CBROBTCxstrata1x572
2025-05-12 13:33:43.293049,572,BUY,103655.7,0.01,CBROBTCxstrata1x572
2025-05-12 13:33:44.382773,573,SELL,104660.3,0.01,CBROBTCxstrata1x573
2025-05-12 13:33:44.382775,573,SELL,104660.3,0.01,CBROBTCxstrata1x573
2025-05-12 13:33:44.382778,574,BUY,103660.3,0.01,CBROBTCxstrata1x574
2025-05-12 13:33:44.382780,574,BUY,103660.3,0.01,CBROBTCxstrata1x574
2025-05-12 13:33:44.522758,575,SELL,104670.3,0.01,CBROBTCxstrata1x575
2025-05-12 13:33:44.522761,575,SELL,104670.3,0.01,CBROBTCxstrata1x575
2025-05-12 13:33:44.522765,576,BUY,103670.3,0.01,CBROBTCxstrata1x576
2025-05-12 13:33:44.522767,576,BUY,103670.3,0.01,CBROBTCxstrata1x576
2025-05-12 13:33:44.902947,577,SELL,104664.7,0.01,CBROBTCxstrata1x577
2025-05-12 13:33:44.902949,577,SELL,104664.7,0.01,CBROBTCxstrata1x577
2025-05-12 13:33:44.902952,578,BUY,103664.7,0.01,CBROBTCxstrata1x578
2025-05-12 13:33:44.902955,578,BUY,103664.7,0.01,CBROBTCxstrata1x578
2025-05-12 13:33:47.122891,579,SELL,104672.9,0.01,CBROBTCxstrata1x579
2025-05-12 13:33:47.122894,579,SELL,104672.9,0.01,CBROBTCxstrata1x579
2025-05-12 13:33:47.122897,580,BUY,103672.9,0.01,CBROBTCxstrata1x580
2025-05-12 13:33:47.122899,580,BUY,103672.9,0.01,CBROBTCxstrata1x580
2025-05-12 13:33:47.502912,581,SELL,104682.7,0.01,CBROBTCxstrata1x581
2025-05-12 13:33:47.502916,581,SELL,104682.7,0.01,CBROBTCxstrata1x581
2025-05-12 13:33:47.502920,582,BUY,103682.7,0.01,CBROBTCxstrata1x582
2025-05-12 13:33:47.502922,582,BUY,103682.7,0.01,CBROBTCxstrata1x582
2025-05-12 13:33:47.822499,583,SELL,104693.0,0.01,CBROBTCxstrata1x583
2025-05-12 13:33:47.822502,583,SELL,104693.0,0.01,CBROBTCxstrata1x583
2025-05-12 13:33:47.822505,584,BUY,103693.0,0.01,CBROBTCxstrata1x584
2025-05-12 13:33:47.822507,584,BUY,103693.0,0.01,CBROBTCxstrata1x584
2025-05-12 13:33:48.523014,585,SELL,104687.8,0.01,CBROBTCxstrata1x585
2025-05-12 13:33:48.523018,585,SELL,104687.8,0.01,CBROBTCxstrata1x585
2025-05-12 13:33:48.523022,586,BUY,103687.8,0.01,CBROBTCxstrata1x586
2025-05-12 13:33:48.523024,586,BUY,103687.8,0.01,CBROBTCxstrata1x586
2025-05-12 13:33:48.892727,587,SELL,104674.5,0.01,CBROBTCxstrata1x587
2025-05-12 13:33:48.892731,587,SELL,104674.5,0.01,CBROBTCxstrata1x587
2025-05-12 13:33:48.892735,588,BUY,103674.5,0.01,CBROBTCxstrata1x588
2025-05-12 13:33:48.892737,588,BUY,103674.5,0.01,CBROBTCxstrata1x588
2025-05-12 13:33:49.022888,589,SELL,104663.7,0.01,CBROBTCxstrata1x589
2025-05-12 13:33:49.022892,589,SELL,104663.7,0.01,CBROBTCxstrata1x589
2025-05-12 13:33:49.022895,590,BUY,103663.7,0.01,CBROBTCxstrata1x590
2025-05-12 13:33:49.022898,590,BUY,103663.7,0.01,CBROBTCxstrata1x590
2025-05-12 13:33:51.803198,591,SELL,104670.5,0.01,CBROBTCxstrata1x591
2025-05-12 13:33:51.803201,591,SELL,104670.5,0.01,CBROBTCxstrata1x591
2025-05-12 13:33:51.803204,592,BUY,103670.5,0.01,CBROBTCxstrata1x592
2025-05-12 13:33:51.803207,592,BUY,103670.5,0.01,CBROBTCxstrata1x592
2025-05-12 13:33:51.962759,593,SELL,104679.7,0.01,CBROBTCxstrata1x593
2025-05-12 13:33:51.962762,593,SELL,104679.7,0.01,CBROBTCxstrata1x593
2025-05-12 13:33:51.962766,594,BUY,103679.7,0.01,CBROBTCxstrata1x594
2025-05-12 13:33:51.962769,594,BUY,103679.7,0.01,CBROBTCxstrata1x594
2025-05-12 13:33:54.942803,595,SELL,104671.2,0.01,CBROBTCxstrata1x595
2025-05-12 13:33:54.942809,595,SELL,104671.2,0.01,CBROBTCxstrata1x595
2025-05-12 13:33:54.942813,596,BUY,103671.2,0.01,CBROBTCxstrata1x596
2025-05-12 13:33:54.942816,596,BUY,103671.2,0.01,CBROBTCxstrata1x596
2025-05-12 13:33:56.682985,597,SELL,104658.8,0.01,CBROBTCxstrata1x597
2025-05-12 13:33:56.682988,597,SELL,104658.8,0.01,CBROBTCxstrata1x597
2025-05-12 13:33:56.682991,598,BUY,103658.8,0.01,CBROBTCxstrata1x598
2025-05-12 13:33:56.682993,598,BUY,103658.8,0.01,CBROBTCxstrata1x598
2025-05-12 13:33:59.522945,599,SELL,104665.9,0.01,CBROBTCxstrata1x599
2025-05-12 13:33:59.522949,599,SELL,104665.9,0.01,CBROBTCxstrata1x599
2025-05-12 13:33:59.522957,600,BUY,103665.9,0.01,CBROBTCxstrata1x600
2025-05-12 13:33:59.522960,600,BUY,103665.9,0.01,CBROBTCxstrata1x600
2025-05-12 13:34:00.752930,601,SELL,104675.4,0.01,CBROBTCxstrata1x601
2025-05-12 13:34:00.752934,601,SELL,104675.4,0.01,CBROBTCxstrata1x601
2025-05-12 13:34:00.752937,602,BUY,103675.4,0.01,CBROBTCxstrata1x602
2025-05-12 13:34:00.752940,602,BUY,103675.4,0.01,CBROBTCxstrata1x602
2025-05-12 13:34:00.892708,603,SELL,104686.1,0.01,CBROBTCxstrata1x603
2025-05-12 13:34:00.892715,603,SELL,104686.1,0.01,CBROBTCxstrata1x603
2025-05-12 13:34:00.892719,604,BUY,103686.1,0.01,CBROBTCxstrata1x604
2025-05-12 13:34:00.892723,604,BUY,103686.1,0.01,CBROBTCxstrata1x604
2025-05-12 13:34:01.463097,605,SELL,104700.3,0.01,CBROBTCxstrata1x605
2025-05-12 13:34:01.463101,605,SELL,104700.3,0.01,CBROBTCxstrata1x605
2025-05-12 13:34:01.463105,606,BUY,103700.3,0.01,CBROBTCxstrata1x606
2025-05-12 13:34:01.463108,606,BUY,103700.3,0.01,CBROBTCxstrata1x606
2025-05-12 13:34:01.603440,607,SELL,104714.4,0.01,CBROBTCxstrata1x607
2025-05-12 13:34:01.603444,607,SELL,104714.4,0.01,CBROBTCxstrata1x607
2025-05-12 13:34:01.603448,608,BUY,103714.4,0.01,CBROBTCxstrata1x608
2025-05-12 13:34:01.603451,608,BUY,103714.4,0.01,CBROBTCxstrata1x608
2025-05-12 13:34:02.682806,609,SELL,104704.3,0.01,CBROBTCxstrata1x609
2025-05-12 13:34:02.682811,609,SELL,104704.3,0.01,CBROBTCxstrata1x609
2025-05-12 13:34:02.682815,610,BUY,103704.3,0.01,CBROBTCxstrata1x610
2025-05-12 13:34:02.682819,610,BUY,103704.3,0.01,CBROBTCxstrata1x610
2025-05-12 13:34:02.813877,611,SELL,104684.9,0.01,CBROBTCxstrata1x611
2025-05-12 13:34:02.813881,611,SELL,104684.9,0.01,CBROBTCxstrata1x611
2025-05-12 13:34:02.813885,612,BUY,103684.9,0.01,CBROBTCxstrata1x612
2025-05-12 13:34:02.813888,612,BUY,103684.9,0.01,CBROBTCxstrata1x612
2025-05-12 13:34:02.952681,613,SELL,104672.5,0.01,CBROBTCxstrata1x613
2025-05-12 13:34:02.952687,613,SELL,104672.5,0.01,CBROBTCxstrata1x613
2025-05-12 13:34:02.952691,614,BUY,103672.5,0.01,CBROBTCxstrata1x614
2025-05-12 13:34:02.952694,614,BUY,103672.5,0.01,CBROBTCxstrata1x614
2025-05-12 13:34:03.462969,615,SELL,104658.0,0.01,CBROBTCxstrata1x615
2025-05-12 13:34:03.462972,615,SELL,104658.0,0.01,CBROBTCxstrata1x615
2025-05-12 13:34:03.462975,616,BUY,103658.0,0.01,CBROBTCxstrata1x616
2025-05-12 13:34:03.462977,616,BUY,103658.0,0.01,CBROBTCxstrata1x616
2025-05-12 13:34:04.742998,617,SELL,104666.9,0.01,CBROBTCxstrata1x617
2025-05-12 13:34:04.743005,617,SELL,104666.9,0.01,CBROBTCxstrata1x617
2025-05-12 13:34:04.743009,618,BUY,103666.9,0.01,CBROBTCxstrata1x618
2025-05-12 13:34:04.743012,618,BUY,103666.9,0.01,CBROBTCxstrata1x618
2025-05-12 13:34:05.042940,619,SELL,104656.3,0.01,CBROBTCxstrata1x619
2025-05-12 13:34:05.042943,619,SELL,104656.3,0.01,CBROBTCxstrata1x619
2025-05-12 13:34:05.042947,620,BUY,103656.3,0.01,CBROBTCxstrata1x620
2025-05-12 13:34:05.042950,620,BUY,103656.3,0.01,CBROBTCxstrata1x620
2025-05-12 13:34:05.762573,621,SELL,104661.6,0.01,CBROBTCxstrata1x621
2025-05-12 13:34:05.762578,621,SELL,104661.6,0.01,CBROBTCxstrata1x621
2025-05-12 13:34:05.762581,622,BUY,103661.6,0.01,CBROBTCxstrata1x622
2025-05-12 13:34:05.762585,622,BUY,103661.6,0.01,CBROBTCxstrata1x622
2025-05-12 13:34:06.143054,623,SELL,104674.9,0.01,CBROBTCxstrata1x623
2025-05-12 13:34:06.143058,623,SELL,104674.9,0.01,CBROBTCxstrata1x623
2025-05-12 13:34:06.143062,624,BUY,103674.9,0.01,CBROBTCxstrata1x624
2025-05-12 13:34:06.143064,624,BUY,103674.9,0.01,CBROBTCxstrata1x624
2025-05-12 13:34:07.052796,625,SELL,104688.7,0.01,CBROBTCxstrata1x625
2025-05-12 13:34:07.052800,625,SELL,104688.7,0.01,CBROBTCxstrata1x625
2025-05-12 13:34:07.052803,626,BUY,103688.7,0.01,CBROBTCxstrata1x626
2025-05-12 13:34:07.052805,626,BUY,103688.7,0.01,CBROBTCxstrata1x626
2025-05-12 13:34:07.193391,627,SELL,104683.8,0.01,CBROBTCxstrata1x627
2025-05-12 13:34:07.193395,627,SELL,104683.8,0.01,CBROBTCxstrata1x627
2025-05-12 13:34:07.193400,628,BUY,103683.8,0.01,CBROBTCxstrata1x628
2025-05-12 13:34:07.193403,628,BUY,103683.8,0.01,CBROBTCxstrata1x628
2025-05-12 13:34:07.753116,629,SELL,104694.4,0.01,CBROBTCxstrata1x629
2025-05-12 13:34:07.753120,629,SELL,104694.4,0.01,CBROBTCxstrata1x629
2025-05-12 13:34:07.753124,630,BUY,103694.4,0.01,CBROBTCxstrata1x630
2025-05-12 13:34:07.753127,630,BUY,103694.4,0.01,CBROBTCxstrata1x630
2025-05-12 13:34:08.072752,631,SELL,104687.7,0.01,CBROBTCxstrata1x631
2025-05-12 13:34:08.072758,631,SELL,104687.7,0.01,CBROBTCxstrata1x631
2025-05-12 13:34:08.072762,632,BUY,103687.7,0.01,CBROBTCxstrata1x632
2025-05-12 13:34:08.072766,632,BUY,103687.7,0.01,CBROBTCxstrata1x632
2025-05-12 13:34:09.523081,633,SELL,104676.2,0.01,CBROBTCxstrata1x633
2025-05-12 13:34:09.523088,633,SELL,104676.2,0.01,CBROBTCxstrata1x633
2025-05-12 13:34:09.523092,634,BUY,103676.2,0.01,CBROBTCxstrata1x634
2025-05-12 13:34:09.523095,634,BUY,103676.2,0.01,CBROBTCxstrata1x634
2025-05-12 13:34:10.022815,635,SELL,104664.7,0.01,CBROBTCxstrata1x635
2025-05-12 13:34:10.022819,635,SELL,104664.7,0.01,CBROBTCxstrata1x635
2025-05-12 13:34:10.022822,636,BUY,103664.7,0.01,CBROBTCxstrata1x636
2025-05-12 13:34:10.022825,636,BUY,103664.7,0.01,CBROBTCxstrata1x636
2025-05-12 13:34:10.483162,637,SELL,104653.8,0.01,CBROBTCxstrata1x637
2025-05-12 13:34:10.483167,637,SELL,104653.8,0.01,CBROBTCxstrata1x637
2025-05-12 13:34:10.483170,638,BUY,103653.8,0.01,CBROBTCxstrata1x638
2025-05-12 13:34:10.483174,638,BUY,103653.8,0.01,CBROBTCxstrata1x638
2025-05-12 13:34:10.943569,639,SELL,104643.3,0.01,CBROBTCxstrata1x639
2025-05-12 13:34:10.943574,639,SELL,104643.3,0.01,CBROBTCxstrata1x639
2025-05-12 13:34:10.943577,640,BUY,103643.3,0.01,CBROBTCxstrata1x640
2025-05-12 13:34:10.943581,640,BUY,103643.3,0.01,CBROBTCxstrata1x640
2025-05-12 13:34:12.352889,641,SELL,104651.3,0.01,CBROBTCxstrata1x641
2025-05-12 13:34:12.352892,641,SELL,104651.3,0.01,CBROBTCxstrata1x641
2025-05-12 13:34:12.352895,642,BUY,103651.3,0.01,CBROBTCxstrata1x642
2025-05-12 13:34:12.352897,642,BUY,103651.3,0.01,CBROBTCxstrata1x642
2025-05-12 13:34:13.972545,643,SELL,104662.3,0.01,CBROBTCxstrata1x643
2025-05-12 13:34:13.972549,643,SELL,104662.3,0.01,CBROBTCxstrata1x643
2025-05-12 13:34:13.972552,644,BUY,103662.3,0.01,CBROBTCxstrata1x644
2025-05-12 13:34:13.972556,644,BUY,103662.3,0.01,CBROBTCxstrata1x644
2025-05-12 13:34:14.352893,645,SELL,104673.8,0.01,CBROBTCxstrata1x645
2025-05-12 13:34:14.352897,645,SELL,104673.8,0.01,CBROBTCxstrata1x645
2025-05-12 13:34:14.352902,646,BUY,103673.8,0.01,CBROBTCxstrata1x646
2025-05-12 13:34:14.352906,646,BUY,103673.8,0.01,CBROBTCxstrata1x646
2025-05-12 13:34:15.022872,647,SELL,104668.9,0.01,CBROBTCxstrata1x647
2025-05-12 13:34:15.022876,647,SELL,104668.9,0.01,CBROBTCxstrata1x647
2025-05-12 13:34:15.022880,648,BUY,103668.9,0.01,CBROBTCxstrata1x648
2025-05-12 13:34:15.022884,648,BUY,103668.9,0.01,CBROBTCxstrata1x648
2025-05-12 13:34:17.437864,649,SELL,104657.9,0.01,CBROBTCxstrata1x649
2025-05-12 13:34:17.437868,649,SELL,104657.9,0.01,CBROBTCxstrata1x649
2025-05-12 13:34:17.437871,650,BUY,103657.9,0.01,CBROBTCxstrata1x650
2025-05-12 13:34:17.437873,650,BUY,103657.9,0.01,CBROBTCxstrata1x650
2025-05-12 13:34:17.571271,651,SELL,104647.5,0.01,CBROBTCxstrata1x651
2025-05-12 13:34:17.571274,651,SELL,104647.5,0.01,CBROBTCxstrata1x651
2025-05-12 13:34:17.571276,652,BUY,103647.5,0.01,CBROBTCxstrata1x652
2025-05-12 13:34:17.571278,652,BUY,103647.5,0.01,CBROBTCxstrata1x652
2025-05-12 13:34:18.962713,653,SELL,104635.3,0.01,CBROBTCxstrata1x653
2025-05-12 13:34:18.962716,653,SELL,104635.3,0.01,CBROBTCxstrata1x653
2025-05-12 13:34:18.962719,654,BUY,103635.3,0.01,CBROBTCxstrata1x654
2025-05-12 13:34:18.962721,654,BUY,103635.3,0.01,CBROBTCxstrata1x654
2025-05-12 13:34:20.512763,655,SELL,104641.1,0.01,CBROBTCxstrata1x655
2025-05-12 13:34:20.512768,655,SELL,104641.1,0.01,CBROBTCxstrata1x655
2025-05-12 13:34:20.512771,656,BUY,103641.1,0.01,CBROBTCxstrata1x656
2025-05-12 13:34:20.512774,656,BUY,103641.1,0.01,CBROBTCxstrata1x656
2025-05-12 13:34:22.152736,657,SELL,104651.8,0.01,CBROBTCxstrata1x657
2025-05-12 13:34:22.152740,657,SELL,104651.8,0.01,CBROBTCxstrata1x657
2025-05-12 13:34:22.152744,658,BUY,103651.8,0.01,CBROBTCxstrata1x658
2025-05-12 13:34:22.152747,658,BUY,103651.8,0.01,CBROBTCxstrata1x658
2025-05-12 13:34:22.672963,659,SELL,104663.7,0.01,CBROBTCxstrata1x659
2025-05-12 13:34:22.672970,659,SELL,104663.7,0.01,CBROBTCxstrata1x659
2025-05-12 13:34:22.672975,660,BUY,103663.7,0.01,CBROBTCxstrata1x660
2025-05-12 13:34:22.672979,660,BUY,103663.7,0.01,CBROBTCxstrata1x660
2025-05-12 13:34:25.192471,661,SELL,104674.4,0.01,CBROBTCxstrata1x661
2025-05-12 13:34:25.192478,661,SELL,104674.4,0.01,CBROBTCxstrata1x661
2025-05-12 13:34:25.192486,662,BUY,103674.4,0.01,CBROBTCxstrata1x662
2025-05-12 13:34:25.192490,662,BUY,103674.4,0.01,CBROBTCxstrata1x662
2025-05-12 13:34:25.322998,663,SELL,104700.1,0.01,CBROBTCxstrata1x663
2025-05-12 13:34:25.323002,663,SELL,104700.1,0.01,CBROBTCxstrata1x663
2025-05-12 13:34:25.323005,664,BUY,103700.1,0.01,CBROBTCxstrata1x664
2025-05-12 13:34:25.323007,664,BUY,103700.1,0.01,CBROBTCxstrata1x664
2025-05-12 13:34:25.582664,665,SELL,104698.3,0.01,CBROBTCxstrata1x665
2025-05-12 13:34:25.582667,665,SELL,104698.3,0.01,CBROBTCxstrata1x665
2025-05-12 13:34:25.582670,666,BUY,103698.3,0.01,CBROBTCxstrata1x666
2025-05-12 13:34:25.582672,666,BUY,103698.3,0.01,CBROBTCxstrata1x666
2025-05-12 13:34:26.632788,667,SELL,104689.4,0.01,CBROBTCxstrata1x667
2025-05-12 13:34:26.632792,667,SELL,104689.4,0.01,CBROBTCxstrata1x667
2025-05-12 13:34:26.632797,668,BUY,103689.4,0.01,CBROBTCxstrata1x668
2025-05-12 13:34:26.632800,668,BUY,103689.4,0.01,CBROBTCxstrata1x668
2025-05-12 13:34:29.282900,669,SELL,104698.3,0.01,CBROBTCxstrata1x669
2025-05-12 13:34:29.282904,669,SELL,104698.3,0.01,CBROBTCxstrata1x669
2025-05-12 13:34:29.282907,670,BUY,103698.3,0.01,CBROBTCxstrata1x670
2025-05-12 13:34:29.282909,670,BUY,103698.3,0.01,CBROBTCxstrata1x670
2025-05-12 13:34:31.262728,671,SELL,104709.0,0.01,CBROBTCxstrata1x671
2025-05-12 13:34:31.262737,671,SELL,104709.0,0.01,CBROBTCxstrata1x671
2025-05-12 13:34:31.262741,672,BUY,103709.0,0.01,CBROBTCxstrata1x672
2025-05-12 13:34:31.262744,672,BUY,103709.0,0.01,CBROBTCxstrata1x672
2025-05-12 13:34:32.015867,673,SELL,104723.8,0.01,CBROBTCxstrata1x673
2025-05-12 13:34:32.015869,673,SELL,104723.8,0.01,CBROBTCxstrata1x673
2025-05-12 13:34:32.015872,674,BUY,103723.8,0.01,CBROBTCxstrata1x674
2025-05-12 13:34:32.015874,674,BUY,103723.8,0.01,CBROBTCxstrata1x674
2025-05-12 13:34:33.482833,675,SELL,104719.7,0.01,CBROBTCxstrata1x675
2025-05-12 13:34:33.482837,675,SELL,104719.7,0.01,CBROBTCxstrata1x675
2025-05-12 13:34:33.482840,676,BUY,103719.7,0.01,CBROBTCxstrata1x676
2025-05-12 13:34:33.482843,676,BUY,103719.7,0.01,CBROBTCxstrata1x676
2025-05-12 13:34:34.342840,677,SELL,104727.4,0.01,CBROBTCxstrata1x677
2025-05-12 13:34:34.342845,677,SELL,104727.4,0.01,CBROBTCxstrata1x677
2025-05-12 13:34:34.342850,678,BUY,103727.4,0.01,CBROBTCxstrata1x678
2025-05-12 13:34:34.342853,678,BUY,103727.4,0.01,CBROBTCxstrata1x678
2025-05-12 13:34:34.522815,679,SELL,104736.8,0.01,CBROBTCxstrata1x679
2025-05-12 13:34:34.522819,679,SELL,104736.8,0.01,CBROBTCxstrata1x679
2025-05-12 13:34:34.522823,680,BUY,103736.8,0.01,CBROBTCxstrata1x680
2025-05-12 13:34:34.522826,680,BUY,103736.8,0.01,CBROBTCxstrata1x680
2025-05-12 13:34:36.193191,681,SELL,104749.2,0.01,CBROBTCxstrata1x681
2025-05-12 13:34:36.193194,681,SELL,104749.2,0.01,CBROBTCxstrata1x681
2025-05-12 13:34:36.193196,682,BUY,103749.2,0.01,CBROBTCxstrata1x682
2025-05-12 13:34:36.193198,682,BUY,103749.2,0.01,CBROBTCxstrata1x682
2025-05-12 13:34:39.123141,683,SELL,104740.7,0.01,CBROBTCxstrata1x683
2025-05-12 13:34:39.123148,683,SELL,104740.7,0.01,CBROBTCxstrata1x683
2025-05-12 13:34:39.123392,684,BUY,103740.7,0.01,CBROBTCxstrata1x684
2025-05-12 13:34:39.123398,684,BUY,103740.7,0.01,CBROBTCxstrata1x684
2025-05-12 13:34:40.813288,685,SELL,104730.1,0.01,CBROBTCxstrata1x685
2025-05-12 13:34:40.813293,685,SELL,104730.1,0.01,CBROBTCxstrata1x685
2025-05-12 13:34:40.813296,686,BUY,103730.1,0.01,CBROBTCxstrata1x686
2025-05-12 13:34:40.813299,686,BUY,103730.1,0.01,CBROBTCxstrata1x686
2025-05-12 13:34:42.053334,687,SELL,104717.7,0.01,CBROBTCxstrata1x687
2025-05-12 13:34:42.053338,687,SELL,104717.7,0.01,CBROBTCxstrata1x687
2025-05-12 13:34:42.053340,688,BUY,103717.7,0.01,CBROBTCxstrata1x688
2025-05-12 13:34:42.053342,688,BUY,103717.7,0.01,CBROBTCxstrata1x688
2025-05-12 13:34:43.052730,689,SELL,104706.1,0.01,CBROBTCxstrata1x689
2025-05-12 13:34:43.052733,689,SELL,104706.1,0.01,CBROBTCxstrata1x689
2025-05-12 13:34:43.052737,690,BUY,103706.1,0.01,CBROBTCxstrata1x690
2025-05-12 13:34:43.052739,690,BUY,103706.1,0.01,CBROBTCxstrata1x690
2025-05-12 13:34:44.003059,691,SELL,104711.9,0.01,CBROBTCxstrata1x691
2025-05-12 13:34:44.003062,691,SELL,104711.9,0.01,CBROBTCxstrata1x691
2025-05-12 13:34:44.003065,692,BUY,103711.9,0.01,CBROBTCxstrata1x692
2025-05-12 13:34:44.003067,692,BUY,103711.9,0.01,CBROBTCxstrata1x692
2025-05-12 13:34:44.137254,693,SELL,104722.9,0.01,CBROBTCxstrata1x693
2025-05-12 13:34:44.137260,693,SELL,104722.9,0.01,CBROBTCxstrata1x693
2025-05-12 13:34:44.137262,694,BUY,103722.9,0.01,CBROBTCxstrata1x694
2025-05-12 13:34:44.137265,694,BUY,103722.9,0.01,CBROBTCxstrata1x694
2025-05-12 13:34:44.982614,695,SELL,104714.9,0.01,CBROBTCxstrata1x695
2025-05-12 13:34:44.982618,695,SELL,104714.9,0.01,CBROBTCxstrata1x695
2025-05-12 13:34:44.982622,696,BUY,103714.9,0.01,CBROBTCxstrata1x696
2025-05-12 13:34:44.982625,696,BUY,103714.9,0.01,CBROBTCxstrata1x696
2025-05-12 13:34:48.442860,697,SELL,104722.2,0.01,CBROBTCxstrata1x697
2025-05-12 13:34:48.442864,697,SELL,104722.2,0.01,CBROBTCxstrata1x697
2025-05-12 13:34:48.442870,698,BUY,103722.2,0.01,CBROBTCxstrata1x698
2025-05-12 13:34:48.442873,698,BUY,103722.2,0.01,CBROBTCxstrata1x698
2025-05-12 13:34:49.892905,699,SELL,104711.2,0.01,CBROBTCxstrata1x699
2025-05-12 13:34:49.892909,699,SELL,104711.2,0.01,CBROBTCxstrata1x699
2025-05-12 13:34:49.892912,700,BUY,103711.2,0.01,CBROBTCxstrata1x700
2025-05-12 13:34:49.892915,700,BUY,103711.2,0.01,CBROBTCxstrata1x700
2025-05-12 13:34:50.893606,701,SELL,104697.0,0.01,CBROBTCxstrata1x701
2025-05-12 13:34:50.893629,701,SELL,104697.0,0.01,CBROBTCxstrata1x701
2025-05-12 13:34:50.893633,702,BUY,103697.0,0.01,CBROBTCxstrata1x702
2025-05-12 13:34:50.893635,702,BUY,103697.0,0.01,CBROBTCxstrata1x702
2025-05-12 13:34:51.562809,703,SELL,104685.5,0.01,CBROBTCxstrata1x703
2025-05-12 13:34:51.562814,703,SELL,104685.5,0.01,CBROBTCxstrata1x703
2025-05-12 13:34:51.562817,704,BUY,103685.5,0.01,CBROBTCxstrata1x704
2025-05-12 13:34:51.562822,704,BUY,103685.5,0.01,CBROBTCxstrata1x704
2025-05-12 13:34:53.422596,705,SELL,104690.4,0.01,CBROBTCxstrata1x705
2025-05-12 13:34:53.422600,705,SELL,104690.4,0.01,CBROBTCxstrata1x705
2025-05-12 13:34:53.422602,706,BUY,103690.4,0.01,CBROBTCxstrata1x706
2025-05-12 13:34:53.422604,706,BUY,103690.4,0.01,CBROBTCxstrata1x706
2025-05-12 13:34:55.194282,707,SELL,104699.8,0.01,CBROBTCxstrata1x707
2025-05-12 13:34:55.194285,707,SELL,104699.8,0.01,CBROBTCxstrata1x707
2025-05-12 13:34:55.194288,708,BUY,103699.8,0.01,CBROBTCxstrata1x708
2025-05-12 13:34:55.194290,708,BUY,103699.8,0.01,CBROBTCxstrata1x708
2025-05-12 13:34:55.332937,709,SELL,104718.2,0.01,CBROBTCxstrata1x709
2025-05-12 13:34:55.332941,709,SELL,104718.2,0.01,CBROBTCxstrata1x709
2025-05-12 13:34:55.332944,710,BUY,103718.2,0.01,CBROBTCxstrata1x710
2025-05-12 13:34:55.332949,710,BUY,103718.2,0.01,CBROBTCxstrata1x710
2025-05-12 13:34:57.103635,711,SELL,104711.6,0.01,CBROBTCxstrata1x711
2025-05-12 13:34:57.103639,711,SELL,104711.6,0.01,CBROBTCxstrata1x711
2025-05-12 13:34:57.103645,712,BUY,103711.6,0.01,CBROBTCxstrata1x712
